1760 2892
65 1621 197 1646 mettum.
229 1619 437 1652 Respondeo:

10 1686 20 1696 ,ξ
65 1661 254 1695 praecedens
279 1664 417 1688 sonettus
444 1662 485 1687 sit
511 1662 742 1693 semiliteratus,
770 1664 816 1688 ta-

0 1699 21 1738 ,¹⁹-
48 1711 134 1730 μ111811
155 1704 343 1736 praecedens
364 1705 555 1730 construitur
575 1704 673 1730 solum
694 1711 732 1730 ex
745 1711 813 1731 ver-

0 1740 22 1762 5'*
63 1745 113 1772 bt·
132 1745 322 1771 rithixnantis
344 1746 376 1771 in
397 1747 616 1779 compilatione
643 1747 664 1772 i.
687 1754 714 1772 e.
735 1753 814 1772 com—

228 210 250 213 Ἡ
267 211 273 215 ,
346 166 390 205 ni
415 145 528 204 §iano
553 146 724 204 insinuas
742 164 1057 204 ,8188101ῃῶήο
1072 150 1357 216 ειιεᾱῑφιοίιο
1371 146 1528 205 nonani
1545 146 1630 207 oia-

129 239 242 293 plena
262 216 416 265 sentito
441 226 471 263 il
496 226 678 274 bisogno,
704 237 726 263 8
752 221 1011 274 s’impedisoe
1028 225 1168 275 quindi
1183 226 1328 274 l’altro,
1345 226 1476 274 ovvio,
1493 228 1628 276 rag-io-

53 286 256 338 mmento
278 287 354 325 ohe
381 299 405 324 a
431 290 582 335 questo.
599 286 726 334 primo
751 286 935 323 terrebbe
971 284 1110 333 dietro,
1145 286 1219 323 che
1254 286 1350 332 cioe,
1389 287 1550 335 quando
1585 288 1627 326 di

53 339 153 395 ξηαπ
174 347 271 385 data
295 359 389 384 cosa
414 347 444 383 il
468 346 638 394 bisogno
663 346 684 382 ὸ
711 345 863 383 oramai
890 345 1040 382 sentito
1066 345 1117 382 da
1135 357 1190 382 un
1206 349 1317 384 certo
1334 357 1511 394 numero,
1529 358 1627 395 que-

64 406 132 451 sto
157 419 271 445 cerea
294 407 412 444 modo
437 406 477 442 di
503 405 660 454 potervi
686 404 922 451 soddisfare,
949 417 970 441 8
996 404 1039 442 vi
1056 405 1267 452 provvede,
1286 405 1408 442 molte
1433 406 1554 454 volte,
1572 407 1626 444 da

56 459 123 516 nse,
149 480 172 513 e
196 471 311 504 tanto
337 466 407 514 piu
433 465 593 514 quando
618 464 737 501 facile
764 464 897 512 gliene
924 464 959 501 si
993 469 1183 512 proseuta
1214 465 1509 513 l'opportunitis,
1545 467 1622 504 ben

41 527 195 575 ¹prima
219 527 294 564 ohe
319 526 453 574 quella
479 526 573 562 data
599 537 694 561 cosa
719 537 852 572 venga
878 524 1032 561 accolta
1058 528 1120 560 tra
1145 524 1182 561 le
1209 524 1310 561 altre
1341 525 1624 564 uffioialmente

14 719 26 725 .«
67 700 228 727 tithinmm
242 700 310 726 sive
325 700 560 726 consonantiam
581 700 734 726 literalem
748 707 816 725 cum

9 733 20 774 ζ’
68 742 272 775 υιιππιιίεπτί,
285 745 319 768 ut
330 742 361 768 in
373 742 432 768 hac
443 741 578 768 dictione
591 742 598 756 ‘
607 745 697 774 petra
706 743 726 774 ',
738 748 816 774 quae

11 778 25 812 s
69 786 170 816 potest
182 784 337 813 rithimari
351 791 418 810 cum
433 784 491 809 hac
506 783 641 810 dictione
661 784 669 798 ⁴
685 786 783 809 metra
795 784 815 816 ',

13 827 20 841 ²
69 827 150 858 qood
162 826 245 852 idem
259 829 306 852 est
317 827 421 852 dicere
434 825 600 852 literaliter
613 825 694 858 quod
706 826 814 851 carmi-

10 865 46 897 Tg„
70 874 112 898 nn
128 867 196 894 sive
214 875 322 893 versus
337 877 349 892 ι
372 867 463 902 (ediz.
485 867 550 899 cit„
570 874 640 900 pag.
661 866 743 900 159);
764 874 815 899 op-

13 899 40 941 {-
69 915 157 943 pur-e,
177 910 207 935 al
222 909 381 942 proposito
397 908 477 941 degli
492 908 648 941 acrostici,
663 908 719 934 8118
741 917 754 932 ι
765 916 815 941 po-

18 978 23 979 t
70 953 128 978 test
147 951 242 977 etlam
262 951 329 976 fleri
349 951 413 976 alia
434 950 628 983 compositio,
648 951 682 975 ut
700 957 816 983 ponere

14 991 43 1032 Ῐξι
67 993 226 1027 proprium
241 1000 355 1018 nomen
367 993 416 1018 vel
430 992 617 1018 sententiam
631 991 663 1016 in
679 991 816 1024 capiver-

10 1041 54 1069 ³²5.)
68 1034 154 1061 aihu·
169 1037 223 1060 aut
236 1041 292 1067 per
305 1034 414 1060 literas
427 1037 481 1060 aut
500 1040 555 1066 per
575 1033 721 1068 syllabas,
737 1040 817 1066 quae

10 1088 45 1109 2,-
67 1077 169 1110 potest
188 1076 256 1102 fleri
276 1076 453 1109 literaiiter,
469 1076 541 1102 licet
561 1076 625 1101 alia
638 1076 734 1101 verba
754 1075 817 1101 sint

67 1117 208 1151 vulgaria
222 1127 249 1153 s,
269 1125 286 1143 8
306 1119 335 1144 18
349 1118 460 1144 sillabe
479 1117 598 1143 inizlali
619 1117 702 1143 della
722 1117 815 1143 balla-

18 1160 145 1194 “zama
173 1162 320 1193 proposta
349 1160 388 1186 ad
417 1160 552 1192 esempio
582 1158 684 1185 denno
711 1159 816 1184 infatti

66 1196 232 1227 ‘dominae
251 1201 441 1233 Margaritae
455 1201 610 1227 Antonius
626 1200 663 1226 (18
678 1202 794 1234 Tempo
806 1200 813 1211 '

18 1262 25 1274 ξ
64 1241 158 1277 (ediz-
173 1243 240 1276 eit„
254 1251 304 1276 pp.
326 1243 445 1276 172-3);
468 1251 496 1275 e,
517 1242 629 1275 meglio
650 1249 776 1277 ancora,
790 1243 817 1268 si

26 1308 29 1313 ,
69 1285 236 1312 sarebbero
254 1285 334 1311 visto
354 1287 531 1318 presentato
550 1285 579 1310 le
602 1291 711 1310 norme
737 1291 754 1310 8
774 1284 816 1316 gli

21 1347 27 1360 ,
65 1327 185 1359 esempi
197 1327 247 1352 dei
259 1326 374 1352 sonetti
389 1328 396 1340 ‘
405 1326 600 1352 semiliteratl
612 1327 631 1359 ¹,
644 1333 660 1351 e
672 1325 722 1352 dei
737 1327 745 1341 ⁴
757 1333 818 1352 me-

18 1360 26 1394 ἶ
48 1368 139 1395 'tricl
154 1369 179 1393 ¹:
203 1377 216 1393 α
297 1370 328 1394 et
344 1369 513 1394 notandum
528 1371 584 1401 est,
600 1369 680 1400 quod
695 1368 815 1394 metrici

19 1412 30 1435 “.
67 1410 182 1436 sonetti
201 1414 331 1443 possunt
350 1410 417 1436 fleri
437 1410 578 1442 cruciati,
599 1413 630 1436 et
650 1410 815 1443 dimidiati,

66 1454 99 1478 et
113 1455 151 1485 ex
162 1451 297 1478 rithimis
311 1452 516 1485 polysyllabis
529 1452 684 1484 brevibus,
697 1454 728 1478 et
742 1451 817 1478 mul-

15 1492 18 1501 *
55 1494 107 1527 ‚tis
121 1494 192 1520 aliis
207 1494 306 1519 modis
320 1493 528 1526 infrascriptis
540 1496 570 1519 et
585 1493 814 1526 suprascriptis.

10 1536 50 1569 ,μή
64 1534 129 1562 Sed
148 1535 232 1561 circa
252 1536 309 1560 hoc
325 1535 498 1569 quaeritur,
513 1543 593 1568 quae
612 1536 652 1561 sit
671 1535 815 1562 differen-

21 1596 25 1598 -
63 1578 214 1604 318111181-
231 1580 415 1610 sequentem
445 1580 476 1603 et
504 1577 740 1611 praecedentem
770 1585 815 1604 so<

471 1627 604 1653 magna;
638 1621 711 1652 quia
743 1620 816 1646 licet

25 1784 32 1809 ἶ
63 1787 175 1821 positis
195 1793 250 1820 per
271 1788 493 1822 tithimantem,
515 1795 647 1820 sequens
667 1795 740 1813 vero
769 1795 813 1813 so—

64 1831 168 1855 nettus
189 1837 226 1855 ex
245 1830 350 1855 verbis
370 1830 560 1856 rithimantis
581 1833 611 1856 et
630 1830 763 1862 alienis3
780 1833 813 1856 ut

15 1884 45 1890 γ’
65 1871 184 1904 patebit
212 1871 245 1897 in
274 1872 424 1903 exemplo.
456 1872 515 1897 Hic
546 1872 641 1904 igitur
673 1874 812 1898 sonettus

63 1912 211 1939 meti-Icus
232 1913 426 1944 componitur
451 1920 518 1938 cum
546 1920 607 1938 uno
631 1921 722 1939 versu
750 1914 815 1939 vul·-

2 1969 13 1974 ι
50 1953 132 1986 -gari
153 1954 409 1986 quemadmodum
424 1955 476 1980 alii
496 1955 609 1980 sonetti
625 1958 654 1980 et
667 1962 736 1980 cum
749 1962 811 1980 uno

18 2027 20 2030 γ
64 1995 202 2021 carmine
223 1996 364 2027 sequenti
385 1995 516 2021 alicuius
530 1996 666 2022 auctoris
681 1996 729 2022 vel
743 2004 815 2028 poe-

19 2038 27 2065 ἓ
65 2039 116 2063 tao
135 2044 204 2063 cum
223 2037 358 2063 rithimis
377 2038 547 2063 secundum
569 2039 691 2070 regulas
706 2045 813 2070 supra-

65 2079 195 2112 scriptas
215 2079 263 2105 vel
284 2079 501 2112 infrascriptae
523 2081 764 2106 consonantibus
779 2088 812 2106 »z

66 2127 83 2146 e
101 2121 144 2153 gli
163 2121 264 2146 autori
285 2121 335 2146 dei
356 2121 437 2146 versi
458 2121 549 2148 latini
567 2121 622 2147 che
638 2122 814 2148 s'avvicen·

23 2178 45 2182 --
65 2162 144 2188 dano
165 2163 213 2188 coi
232 2163 350 2194 volgari
370 2163 421 2188 nol
441 2165 562 2188 sonetto
582 2163 638 2189 che
665 2170 755 2190 serve
782 2164 813 2189 di

19 2201 47 2231 ς’
65 2205 212 2238 esempio‚
243 2212 317 2230 sono
349 2205 356 2219 ‘
373 2206 459 2236 Cato,
491 2205 634 2238 Prosper,
663 2206 813 2239 Aesopus,

18 2260 22 2263 ν
65 2245 204 2281 Ovidius,
219 2247 360 2272 Lucanus
374 2247 399 2272 'l
416 2247 477 2280 Ma,
491 2254 576 2272 come
591 2250 676 2272 certo
691 2249 814 2273 ricorda

15 2291 23 2300 ‘¹
63 2295 186 2320 ognuno
199 2288 255 2314 che
270 2289 360 2314 abbia
376 2296 479 2314 scorso
494 2290 516 2314 il
531 2290 672 2315 Trattato
695 2290 743 2315 del
765 2290 813 2315 Da

26 2327 30 2331 “
69 2328 195 2363 Tempe,
217 2338 266 2355 ma
286 2338 346 2356 nou
374 2331 507 2356 soltanto
533 2331 606 2356 11811’
619 2332 755 2363 esempio
783 2332 814 2356 di

18 2371 19 2374 ’
65 2375 186 2398 sonetto
208 2373 215 2386 ‘
232 2373 359 2398 metrico
377 2373 384 2386 ’
411 2373 432 2397 il
459 2372 571 2398 lettere
592 2373 756 2404 ignorante
783 2374 814 2398 di

22 2436 25 2446 ξ
62 2412 160 2439 latino
175 2414 202 2439 si
216 2413 346 2439 sarebbe
361 2414 526 2440 imbattuto
537 2416 569 2440 in
583 2415 667 2440 linee
682 2415 712 2440 di
728 2415 815 2440 scrit-

63 2456 124 2481 tori
144 2456 247 2481 latini.
269 2456 295 2480 A
316 2457 383 2481 fare
404 2456 502 2482 anche
523 2456 576 2489 piu
593 2457 685 2491 serio,
700 2455 753 2489 piu
767 2464 816 2482 au-

48 2498 203 2523 vtorevole
224 2497 245 2522 il
266 2505 319 2522 suo
345 2498 499 2531 Trattato,
528 2505 544 2522 e
570 2498 734 2523 foi-sancho
760 2505 816 2531 per

22 2563 33 2573 ⁴,
64 2544 157 2564 vezzo
177 2539 209 2564 di
230 2539 353 2564 vincere
381 2540 531 2571 maggiori
561 2539 717 2572 difficolta,
744 2540 814 2565 tutti

66 2579 108 2613 gli
129 2581 245 2612 esempi
266 2581 345 2606 delle
366 2577 452 2606 irarie
473 2581 575 2614 specie
604 2581 635 2606 di
661 2582 815 2614 componi-

67 2623 163 2648 menti
184 2623 223 2648 da
253 2623 295 2648 lui
326 2623 510 2656 dichiarate,
539 2630 654 2649 messer
678 2623 815 2648 Antonio

63 2663 148 2689 voile
168 2667 345 2691 contessere
365 2665 395 2690 di
415 2667 561 2691 sentenze
581 2672 598 2690 e
615 2664 752 2691 autorita
771 2665 815 2690 la-

22 2707 33 2734 ῥ,
68 2705 137 2731 tine
157 2706 204 2731 ch'
213 2706 273 2739 egli
294 2707 513 2739 nell‘esempio
533 2707 598 2732 fece
618 2707 747 2738 volgari,
765 2714 814 2732 ma

63 2747 230 2780 wgqunse
255 2747 327 2780 pero
346 2755 468 2780 sempre
480 2747 530 2773 nel
544 2747 610 2773 loro
625 2748 742 2773 dettato
756 2747 814 2772 ori-

879 699 994 733 ginale,
1015 699 1061 724 col
1082 705 1172 724 nome
1192 699 1392 734 dell'autore,
1417 700 1518 726 subito
1544 702 1626 728 sotto

878 740 901 766 il
920 747 975 766 sno
995 741 1257 773 componimento:
1280 747 1298 766 e
1322 742 1352 767 le
1376 742 1522 768 citazioni
1549 749 1627 770 sono

877 784 975 816 tante,
1007 782 1063 808 che
1092 789 1191 808 messe
1220 783 1350 808 insieme
1379 789 1536 816 occupano
1561 790 1625 811 nnn

878 826 968 857 parte
987 823 1220 850 considerevole
1239 825 1320 850 delle
1340 825 1452 858 pagine
1472 825 1522 851 del
1535 826 1624 852 Trat-

878 869 955 892 tato.
976 866 1050 899 Ora,
1071 866 1100 892 18
1121 868 1267 892 sentenze
1291 874 1308 892 e
1329 867 1339 892 i
1359 867 1442 892 versi
1467 867 1637 904 originali,

878 908 934 933 che
954 908 996 940 gli
1021 917 1032 932 α
1044 907 1156 933 indotti
1178 908 1234 934 che
1253 909 1444 940 ignoravano
1458 908 1480 933 il
1495 908 1593 935 latino
1607 917 1621 934 s

878 957 895 975 e
915 957 971 982 per
990 950 1000 975 i
1021 950 1105 982 quali
1126 949 1149 975 il
1169 950 1218 976 Da
1238 950 1366 983 Tempo,
1387 950 1519 976 secondo
1538 950 1562 976 il
1574 951 1626 987 N„

878 991 1014 1018 avi-ebbe
1034 991 1152 1024 scritto,
1172 992 1344 1018 avrebbero
1367 992 1482 1018 dovuto
1505 993 1627 1026 legger-e

879 1040 895 1059 e
917 1034 1079 1066 meditare,
1100 1036 1175 1059 sono
1196 1034 1284 1059 tratti
1305 1041 1365 1059 non
1387 1034 1519 1060 scitante
1541 1034 1627 1062 dalle

878 1075 990 1102 Bibbia
1011 1083 1027 1101 8
1048 1075 1099 1102 dal
1118 1076 1212 1101 Padri
1233 1082 1250 1102 e
1269 1076 1390 1101 Dottori
1406 1076 1488 1102 della
1502 1076 1626 1110 Chim,

879 1124 929 1143 ma
949 1119 988 1144 da
1008 1118 1172 1153 Ten-enno,
1193 1118 1233 1144 da
1253 1118 1374 1153 Ovidio‚
1396 1119 1434 1144 da
1449 1118 1571 1151 Orazio,
1586 1119 1627 1145 da

878 1159 1037 1194 Sallustio,
1059 1160 1098 1185 da
1118 1159 1279 1195 Cicerone,
1300 1160 1340 1186 da
1360 1159 1488 1193 Seneca,
1504 1160 1543 1186 da
1556 1160 1626 1187 Ful·

878 1201 986 1234 genzio
1007 1209 1023 1227 8
1044 1201 1156 1227 Βοοιίο
1176 1209 1192 1227 8
1214 1201 1407 1229 cassiodoro.

932 1242 977 1269 Ne
997 1244 1025 1269 le
1046 1244 1167 1275 ragioni
1187 1244 1243 1270 che
1263 1244 1304 1269 mi
1325 1244 1472 1270 facevano
1493 1251 1510 1270 e
1530 1245 1627 1271 fanno

878 1285 1027 1311 dubbioso
1048 1292 1103 1318 per
1132 1285 1384 1312 l'affermazione
1413 1286 1462 1311 del
1491 1287 1528 1313 N.
1549 1294 1627 1313 sono

878 1328 1012 1353 soltanto
1032 1329 1139 1359 queste
1166 1327 1215 1352 sin
1242 1327 1295 1359 qui
1320 1330 1510 1361 enumerate,
1531 1330 1627 1355 tratte

879 1369 1057 1395 dall’esame
1077 1369 1156 1394 delle
1169 1369 1280 1402 pagine
1293 1372 1389 1396 stesso
1402 1370 1452 1395 del
1466 1370 1514 1395 Da
1535 1370 1625 1396 Tem-

877 1417 932 1444 po;
950 1418 999 1436 ma
1011 1411 1165 1445 un'altra,
1180 1418 1242 1436 non
1258 1418 1346 1437 meno
1362 1412 1451 1444 forte,
1466 1412 1626 1444 s'aggiuu·

878 1460 914 1485 ge
929 1460 947 1478 a
962 1455 1079 1487 queste.
1096 1453 1133 1478 In
1147 1453 1279 1490 servizio
1294 1454 1342 1479 dei
1358 1461 1419 1479 non
1442 1455 1449 1468 ⁴
1461 1454 1592 1480 litterati
1604 1454 1625 1487 ⁸,

877 1495 1060 1527 νοτ-13111818
1080 1497 1207 1520 trattato
1237 1495 1336 1521 latino
1367 1496 1399 1521 di
1427 1496 1573 1522 Retorioa
1591 1496 1626 1522 fu

878 1537 1002 1569 dunque
1022 1540 1161 1569 appunto
1176 1538 1314 1562 ristretto
1328 1538 1360 1563 in
1376 1538 1512 1570 volgare,
1527 1538 1627 1564 anche

876 1579 959 1610 negli
978 1579 1107 1613 esempi,
1137 1580 1187 1604 nel
1220 1579 1315 1604 ‘Fior
1337 1580 1368 1605 di
1392 1580 1537 1606 Retorica
1551 1580 1580 1614 ’ς
1607 1585 1626 1606 ο

876 1620 937 1646 allo
953 1622 1050 1646 stesso
1073 1627 1162 1653 scopo
1179 1621 1337 1646 sei-virono
1351 1621 1362 1646 i
1378 1624 1424 1647 tre
1438 1622 1625 1654 volgarizza-

877 1662 973 1688 menti
994 1661 1024 1687 di
1046 1662 1053 1676 ⁴
1069 1665 1159 1689 Artes
1181 1663 1359 1688 dictaminis
1375 1663 1382 1676 '
1404 1663 1553 1689 ricordati
1573 1663 1624 1690 dal

875 1704 913 1730 N.
934 1704 1064 1730 insieme
1084 1704 1130 1729 col
1151 1708 1157 1718 ⁴
1175 1704 1266 1730 Fiore
1281 1704 1300 1739 ⁹,
1321 1706 1352 1730 iu
1375 1708 1518 1737 sostegno
1542 1705 1626 1732 della

877 1752 932 1771 sua
952 1746 1022 1771 tesi.
1038 1746 1111 1781 Ora,
1127 1747 1179 1771 nel
1195 1747 1275 1782 1447,
1299 1756 1311 1771 ι
1324 1747 1453 1772 essendo
1474 1748 1515 1773 mi
1530 1748 1627 1773 Fran-

875 1794 963 1813 cesco
983 1787 1143 1813 Baratella
1163 1788 1295 1822 Laureo,
1320 1788 1402 1820 figlio
1429 1789 1477 1814 del
1505 1789 1626 1815 illustre

875 1831 966 1861 poeta
987 1829 1123 1854 Antonio
1144 1830 1303 1855 Baratella
1324 1830 1444 1855 Lam-eo
1470 1831 1522 1856 nel
1542 1832 1625 1857 etate

875 1871 913 1896 (18
934 1872 1009 1896 anni
1030 1871 1147 1905 sedese,
1163 1872 1195 1897 fu
1210 1872 1344 1904 pregado
1359 1873 1397 1897 da
1413 1872 1517 1903 alguni
1533 1872 1627 1898 amici

876 1913 1037 1947 singulari,
1046 1913 1102 1938 8118
1113 1913 1316 1938 translatasse
1329 1920 1383 1945 per
1395 1913 1520 1945 vulgare
1531 1913 1625 1940 l’arte

876 1955 913 1979 de
934 1955 1040 1983 ritimi,
1062 1955 1094 1979 in
1115 1957 1213 1988 parte,
1236 1955 1273 1980 (18
1294 1955 1387 1980 miser
1407 1955 1563 1980 Anthouio
1585 1956 1625 1981 da

877 1997 1004 2031 Tempe,
1026 1996 1139 2029 iudlce,
1163 1997 1304 2028 paduano
1319 2003 1354 2028 n;
1383 2003 1399 2021 8
1425 1996 1446 2021 il
1474 1996 1623 2033 risu-etto,

876 2045 894 2063 o
914 2038 1108 2071 compendio,
1130 2038 1263 2063 sebbene
1284 2044 1339 2062 con
1360 2038 1491 2069 qualche
1516 2038 1625 2069 giunta

875 2079 990 2105 dovuta
1011 2080 1074 2105 alla
1095 2079 1365 2112 prosunzioncella
1385 2079 1434 2104 del
1454 2079 1623 2111 giovinetto

875 2121 1137 2155 compendiatore,
1171 2129 1187 2146 o
1221 2122 1283 2146 alla
1316 2122 1535 2147 ammirazione
1567 2129 1624 2147 sua

876 2163 1095 2196 grandissima,
1115 2169 1131 2187 e
1152 2163 1183 2187 in
1205 2163 1248 2187 lui
1269 2163 1432 2197 scusabile,
1453 2170 1507 2195 per
1526 2163 1549 2189 il
1569 2170 1623 2188 suo

876 2208 1011 2230 maestro
1032 2211 1048 2229 e
1069 2205 1219 2238 genitore,
1242 2205 1266 2229 si
1287 2204 1374 2236 legge
1399 2204 1504 2230 infatti
1525 2205 1624 2230 anche

875 2254 894 2272 a
914 2249 1045 2278 stampa,
1067 2246 1212 2271 accodato
1230 2246 1280 2271 dal
1295 2245 1392 2272 Grion
1413 2246 1474 2271 alla
1492 2253 1548 2272 sua
1561 2246 1624 2272 edi-

875 2289 965 2313 zione
987 2288 1036 2313 del
1058 2288 1105 2312 Da
1133 2289 1249 2320 'Pompo
1277 2287 1338 2321 (pp.
1366 2288 1513 2322 179-233).
1539 2289 1626 2315 Dun-

876 2337 947 2364 que¹
967 2336 1029 2354 non
1051 2329 1121 2354 tutti
1143 2330 1184 2361 gli
1209 2338 1221 2353 ι
1236 2329 1349 2355 indotti
1364 2330 1419 2355 che
1434 2330 1625 2361 ignor-avano

876 2372 899 2396 il
919 2371 1016 2396 latino
1031 2379 1043 2394 ι»
1067 2371 1275 2396 intendevano
1304 2372 1333 2396 le
1362 2371 1475 2403 pagine
1501 2372 1550 2398 del
1574 2372 1626 2398 Da

877 2414 1016 2445 Tempo;
1039 2420 1055 2438 e
1074 2413 1174 2444 questi
1195 2420 1293 2440 aveva
1313 2413 1390 2439 fatto
1406 2420 1501 2445 opera
1519 2413 1627 2440 vana?

876 2455 938 2489 Ma,
959 2455 1056 2480 siamo
1077 2455 1127 2480 nel
1148 2455 1228 2489 1447,
1249 2462 1291 2480 un
1309 2456 1359 2488 po'
1371 2458 1480 2488 troppo
1494 2452 1626 2490 lontani,

878 2496 1012 2521 sebbene
1032 2496 1082 2522 nel
1103 2497 1200 2522 colmo
1215 2497 1507 2530 dell’umauesim03
1529 2505 1546 2523 8
1565 2496 1625 2530 puo

878 2538 976 2563 anche
997 2545 1101 2563 essere
1121 2538 1176 2564 8118
1197 2539 1222 2563 si
1249 2541 1394 2565 trattasse
1423 2539 1454 2563 di
1482 2539 1628 2565 88818118.-

877 2580 970 2614 zioni,
992 2587 1008 2605 e
1029 2581 1118 2612 quasi
1138 2580 1261 2612 giuochi
1281 2581 1311 2606 di
1334 2581 1477 2612 ragazzi:
1498 2582 1623 2607 l'esem-

876 2622 927 2654 pio
947 2621 1007 2660 piro
1027 2622 1186 2648 sembi-are
1206 2623 1314 2654 quindi
1328 2630 1402 2655 poco
1417 2622 1550 2650 efficace.
1563 2622 1626 2649 Eb-

875 2664 968 2699 bene,
990 2659 1040 2691 1118.
1059 2664 1110 2690 1181
1130 2665 1230 2690 secolo
1255 2667 1351 2690 stesso
1381 2665 1413 2689 iu
1446 2665 1495 2690 cui
1524 2665 1547 2690 il
1573 2664 1623 2692 Da

878 2706 993 2738 Tempo
1014 2705 1127 2731 distese
1157 2706 1178 2731 il
1209 2714 1263 2732 suo
1284 2707 1426 2732 Trattato
1454 2706 1487 2731 in
1513 2706 1622 2742 latino,

848 2744 861 2757 ὅ
878 2747 991 2773 Gidino
1006 2748 1045 2774 da
1058 2747 1363 2782 Sommacampagna,
1383 2748 1439 2773 che
1459 2748 1622 2774 succeduto
