1760 2892
116 507 214 541 =“ti,·-*-·
241 491 379 535 innuisse
404 507 489 534 visus
515 510 560 534 est
586 507 685 540 Maro,
713 509 784 533 dum

50 540 55 543 ⁶
106 544 241 585 flentum
255 549 378 583 gradus,
391 557 444 576 sex
453 550 602 576 librorum
614 550 786 576 distinctio-

114 599 128 619 s
140 592 314 631 *prudenter
327 593 488 625 θυι-,611111
505 591 622 623 Quibus
636 583 785 618 conditio-

106 632 270 667 humanae,
290 633 361 659 dum
381 633 551 668 odysseam
571 634 721 666 imitatur,
738 641 783 659 or-

120 670 293 709 exprimere
313 676 398 701 visus
418 677 464 701 est
483 678 514 701 et
533 682 723 708 processum,
738 675 783 708 ip-

104 723 166 751 que
183 722 274 750 quem
294 717 396 743 educit
415 720 445 743 et
464 717 617 750 provehit,
639 718 781 749 producit

107 758 211 790 educit
229 759 268 785 ad
288 766 405 797 manes.
426 759 502 785 Nam
514 759 656 791 Aeneas,
672 760 724 791 qui
738 760 783 785 ibi

110 802 162 828 tm·
181 801 312 834 auhnus,
333 801 377 827 sic
396 801 495 827 dictus
515 808 550 827 eo
565 802 645 833 quod
660 805 705 827 est
719 809 783 826 cor-

105 850 120 869 ι
138 843 312 870 habitator:
335 843 462 869 ennoias
483 843 576 875 enim,
597 846 630 868 ut
653 843 780 869 Graecis

105 888 146 922 et,
164 879 323 917 habitator
342 888 398 916 est,
419 886 519 911 demas
545 893 667 918 corpus,
699 889 729 912 et
743 886 780 912 ab

104 923 297 961 componitur
319 928 450 961 Aeneas,
478 930 510 953 ut
536 927 687 960 significet
713 928 777 954 aui-

104 982 108 991 ·
134 970 224 1003 qussi
243 970 344 996 carnis
366 970 486 1002 tugur10
505 970 712 1002 habitantem3
725 970 778 1001 »sic

100 1018 128 1039 m
146 1010 323 1044 Neptunum
343 1011 555 1044 annosiqaeum
575 1018 611 1037 eo
631 1012 712 1043 quod
733 1011 779 1038 81-

92 1054 143 1086 um
161 1051 315 1081 inhabitet
342 1050 382 1088 [si
410 1053 523 1079 ricordi
550 1053 604 1078 che
624 1052 780 1079 Giovanni

109 1091 248 1129 ali-bury
274 1094 412 1121 scriveva
431 1093 482 1120 nel
502 1095 602 1120 secolo
628 1093 693 1128 xn].
715 1094 779 1120 Pri-

75 1176 196 1209 ’6311
214 1175 393 1204 manifestas
419 1177 582 1211 infantiae,
609 1185 689 1210 quae
716 1178 778 1204 suis

108 1218 176 1246 ollis
196 1219 340 1252 agitatur,
362 1220 486 1252 exponit
505 1219 674 1252 tunsiones,
696 1222 726 1245 et
746 1220 778 1244 in

56 1266 96 1289 116
115 1266 180 1294 suo,
202 1260 391 1286 abundantia
414 1260 475 1286 cibi
495 1263 633 1294 ertus
661 1261 778 1295 adulta,

13 1301 158 1337 ‘'prosilit
175 1301 216 1336 agl
241 1302 391 1328 laetitiam
416 1303 617 1328 convivalem.
645 1303 682 1328 In
709 1310 777 1328 con-

23 1339 110 1379 finio
124 1349 197 1376 ergo
210 1343 436 1370 adolescentiae
450 1345 600 1376 prodeunt
614 1345 779 1377 colloquio-

0 1362 17 1410 Ε
25 1387 113 1416 nm
122 1379 317 1421 commercia,
328 1388 368 1414 et
387 1393 492 1411 eorum
511 1387 710 1418 intemperies
725 1390 778 1412 aut

0 1411 162 1484 &zabulus
180 1429 297 1459 narrat,
326 1429 378 1452 aut
403 1428 485 1453 veris
512 1428 590 1453 falsa
615 1429 779 1460 permiscet

7 1471 70 1497 ino
98 1467 178 1503 Quod
207 1469 398 1500 multiloquio
425 1472 553 1501 peccata
582 1470 688 1495 deesse
717 1477 778 1496 non

15 1503 22 1516 ”
54 1506 172 1546 ,ιριιψῂ
201 1510 298 1536 Porro
326 1511 435 1536 tertius
465 1512 567 1536 varios
596 1512 777 1544 iuventutis,

53 1542 70 1555 “’
105 1547 123 1579 'i
137 1558 207 1577 suos
221 1552 306 1578 canit
320 1558 462 1578 errores..
468 1553 592 1578 ,Prima
606 1559 677 1584 eigo
691 1556 777 1579 aetas

112 1590 196 1627 ¹eoin,
217 1593 350 1619 secunda.
375 1594 532 1619 custodem
554 1593 658 1626 habet,
684 1595 777 1621 tertia

111 1635 239 1670 liberior
259 1642 294 1660 eo
313 1635 435 1661 facilius
456 1638 550 1672 errat,
574 1637 709 1662 nondum
733 1640 776 1663 ta-

122 1676 262 1710 procedit
281 1675 319 1701 ad
339 1676 479 1702 crimina.
495 1677 631 1707 Quartus
651 1677 776 1703 illicitus

101 1724 150 1744 res
174 1718 336 1751 conciliat,
369 1719 400 1743 et
432 1719 534 1750 ignem
564 1719 777 1752 imprudenter

106 1762 208 1792 eptum
221 1759 254 1785 in
268 1763 402 1792 pectore,
420 1759 458 1786 ad
472 1761 605 1786 amantis
619 1761 774 1787 infelicem

108 1801 170 1827 neit
189 1807 305 1832 rogum.
326 1801 458 1831 Quintus
473 1802 681 1828 maturitatem
703 1803 776 1829 eivi-

108 1843 223 1876 premit
251 1846 281 1869 et
311 1846 444 1870 aetatem
473 1845 612 1877 depingit
641 1846 774 1871 vicinam

104 1886 190 1918 etuti,
211 1886 272 1912 imo
292 1893 372 1919 quae
394 1887 493 1920 ipsum
516 1887 578 1913 iam
602 1888 776 1920 ingreditur

53 1930 229 1953 -6611116111,
249 1928 327 1954 Nam
348 1932 378 1953 et
397 1921 672 1961 patrum.honores
692 1937 775 1956 reco-

67 1968 79 2002 ,4
96 1970 246 1995 maiorum
266 1970 446 1996 memoriam
460 1974 627 1998 veneratur
640 1975 670 1998 et
683 1974 773 2005 quasi

54 2007 78 2034 'f
95 2011 246 2037 tumulum
274 2011 430 2038 Anchisae
458 2013 610 2039 solemnes
638 2015 774 2041 celebrat

61 2051 126 2086 dos,
147 2053 180 2078 in
199 2053 247 2078 his
267 2054 344 2086 ipsis
365 2055 450 2080 exilii
477 2056 525 2081 sui
549 2055 707 2082 miseriam
728 2063 774 2082 re-

52 2106 57 2115 ·
69 2095 194 2123 210scit.
217 2095 296 2120 Dum
307 2102 383 2132 vero
396 2096 468 2122 hinc
482 2097 647 2131 egreditur,
661 2099 774 2125 transit

55 2147 81 2175 ⁸..
87 2139 217 2171 sextum,
240 2139 271 2162 et
290 2138 412 2164 amissis
432 2138 579 2165 Palinuro
599 2142 629 2166 et
644 2141 773 2174 Miseno,

25 2200 28 2207 ,
56 2185 103 2205 ce
117 2178 234 2204 scilicet
244 2179 362 2211 navigii
375 2180 429 2205 (101
433 2180 563 2206 mutante
574 2184 603 2207 et
614 2184 772 2208 temerarii

15 2221 30 2251 {i
46 2231 51 2244 1
71 2220 138 2246 elii
149 2221 317 2253 incentore,
330 2228 396 2246 cum
408 2221 469 2247 iam
480 2222 625 2255 frigescat
635 2223 775 2258 affectus,

10 2263 28 2293 ’,ζ
46 2272 65 2295 .
76 2268 170 2294 esque
201 2255 362 2295 deficiant,
395 2271 457 2289 non
488 2267 551 2289 tam
585 2267 772 2292 senectutem

52 2299 122 2330 'tit
140 2311 232 2336 quam
252 2305 382 2337 senium,
403 2308 433 2330 et
454 2306 537 2332 velut
555 2307 708 2338 quendam
724 2309 772 2333 (16-

67 2352 168 2372 nsum
187 2346 371 2379 ad0inferos,
393 2347 444 2372 ubi
465 2348 553 2379 quasi
573 2349 665 2374 rebus
679 2348 772 2375 inuti-

71 2393 98 2424 ,¹⁸
117 2387 222 2420 gestis,
242 2388 335 2413 totius
355 2390 518 2414 anteactae
532 2389 616 2415 vitae
630 2396 771 2421 recogno-

73 2423 76 2426 *
105 2435 235 2462 errores,
251 2432 281 2454 et
301 2429 398 2455 discat
419 2430 481 2455 alia
499 2431 551 2455 via
570 2431 773 2457 incedendum

57 2469 171 2505 61116,
201 2471 253 2503 qui
282 2471 389 2496 volunt
418 2471 457 2497 ad
487 2472 590 2498 dulces
620 2473 772 2499 Laviniae

60 2507 202 2545 implexus
222 2515 253 2538 et
271 2512 366 2539 fatale
387 2520 515 2545 regnum
536 2514 657 2546 Italiae,
683 2515 772 2547 quasi

53 2563 57 2572 ·
72 2547 238 2589 lquandain
252 2561 354 2580 arcem
369 2555 580 2588 beatitudinis,
595 2556 770 2588 pervenire.

68 2606 83 2631 Ἴ·
107 2596 153 2621 tat
171 2595 253 2622 enlm
278 2597 359 2629 apud
386 2604 437 2622 eos
463 2597 517 2628 qui
542 2600 675 2623 mentem
703 2596 771 2623 dili—

52 2635 146 2674 *uthis
165 2640 397 2671 perscrutantur
417 2642 589 2670 auctorum,
613 2639 770 2665 Maronem

55 2675 57 2677 ’
107 2673 168 2708 nae
189 2678 347 2706 doctrinae
375 2681 457 2705 vii-es
488 2680 671 2714 declarasse,
701 2681 772 2707 dum

18 2732 54 2749 11
101 2721 164 2750 tuto
201 2720 337 2752 figmenti
374 2722 505 2755 poetici,
540 2723 772 2756 philosophicae

94 2756 173 2803 isti-5
195 2763 327 2798 involvit
358 2771 472 2790 arcana
493 2774 504 2790 ιι
539 2764 770 2799 (Polycraticus,

847 508 900 534 lib.
910 508 996 541 vm,
1006 516 1073 542 cap.
1082 508 1139 547 24).
1151 509 1178 534 Ε
1187 509 1302 542 Dante,
1314 509 1369 535 che
1380 509 1431 535 nel
1441 516 1510 544 cap.
1522 516 1598 536 xxiv

848 550 897 576 del
917 550 1058 576 Trattato
1078 554 1188 583 quarto
1209 551 1260 577 del
1282 549 1417 584 convita,
1439 558 1495 578 ove
1515 552 1596 582 delle

846 594 970 624 quattro
990 591 1040 618 eta
1059 592 1141 619 della
1160 593 1225 618 vita
1245 600 1369 625 umana,
1389 593 1513 620 ricorde
1537 602 1557 619 ιι-
1570 593 1594 620 11

847 633 986 666 figurato,
1016 634 1072 660 che
1101 634 1132 660 di
1161 638 1269 667 questo
1299 636 1421 662 diverso
1450 642 1596 668 processo

845 675 1009 702 ‹lell'etadi
1029 677 1113 702 tiene
1126 676 1257 707 Virgilio
1271 678 1352 703 nello
1366 677 1487 704 Eneida
1500 686 1528 711 s,
1544 677 1596 704 nel

844 725 911 750 cap.
920 725 1006 750 xxvi,
1015 719 1095 744 sulla
1103 718 1260 752 gioventu,
1269 722 1391 752 esposto
1402 727 1486 746 come
1495 719 1596 747 dobba

845 767 947 786 essere
967 762 1148 792 temperata,
1169 761 1261 794 torte,
1275 768 1428 794 amorosa,
1443 769 1458 787 c
1482 767 1563 787 rtese
1577 769 1595 788 e

843 801 933 833 leale,
955 801 981 827 si
1002 802 1032 828 fa
1053 809 1071 827 a
1090 805 1236 828 trovarne
1259 803 1280 828 1·
1293 803 1507 835 applicazioue
1527 811 1544 830 e
1563 802 1596 830 la

845 843 1002 868 conferma
1023 843 1054 868 iu
1076 843 1178 875 quella
1192 846 1280 877 parte
1293 844 1341 869 del
1357 852 1467 877 poema
1481 845 1511 870 di
1526 845 1594 871 Vir-

843 885 928 917 gilio,
949 892 1006 911 ove
1026 886 1128 917 quella
1149 885 1199 911 eta
1213 886 1230 911 e
1246 885 1442 918 raffigurata:
1463 895 1474 910 «ι
1490 887 1515 912 E
1529 884 1594 912 cosi

842 926 998 957 infrenato
1029 925 1170 960 [corrisp.
1202 929 1231 953 al
1263 927 1448 962 temperato]
1479 931 1604 957 mostra,

841 964 984 1002 Virgilio,
1004 968 1034 994 10
1055 969 1191 1001 maggior
1206 973 1311 995 nostro
1325 973 1427 1002 poeta,
1441 970 1498 996 che
1512 970 1593 996 fosse

841 1009 929 1036 Enea
947 1011 1030 1036 nella
1054 1012 1141 1044 p'arte
1165 1011 1380 1045 dell'Eneida,
1405 1019 1462 1038 ove
1484 1011 1594 1045 questa

842 1051 892 1077 eta
913 1052 940 1077 si
959 1051 1067 1084 figura,
1088 1052 1119 1081 la
1139 1052 1231 1085 quale
1251 1056 1339 1085 parte
1360 1053 1546 1086 comprenda
1571 1053 1596 1079 il

842 1095 951 1125 quarto
963 1100 979 1118 e
991 1093 1012 1118 ’1
1023 1094 1130 1126 quinto
1141 1101 1158 1119 6
1170 1095 1189 1119 ‘l
1202 1097 1282 1119 sesto
1294 1094 1374 1120 libro
1385 1094 1594 1121 dell’mnsida.

841 1136 868 1161 Ε
898 1137 1014 1167 quanto
1047 1135 1219 1161 raffrenare
1251 1136 1283 1161 fu
1314 1136 1434 1168 quello,
1467 1137 1591 1169 quando

843 1177 960 1202 avendo
981 1177 1117 1202 ricevuto
1138 1177 1176 1202 da
1198 1178 1277 1202 Dido
1298 1180 1384 1204 tanto
1404 1179 1434 1203 di
1455 1179 1592 1211 piacere,

842 1221 956 1250 quanto
977 1218 1007 1244 di
1028 1221 1108 1244 sotto
1128 1219 1178 1244 nel
1193 1220 1315 1245 settimo
1328 1222 1456 1246 trattato
1470 1221 1497 1246 si
1513 1219 1592 1252 dira,

843 1267 859 1286 e
878 1260 996 1286 usando
1010 1267 1066 1285 con
1083 1268 1150 1286 essa
1164 1263 1250 1286 tanto
1265 1261 1295 1286 di
1311 1261 1521 1303 dilettazione,
1537 1262 1589 1288 eni

843 1302 868 1327 si
888 1301 969 1335 parti
989 1309 1044 1335 per
1064 1303 1184 1335 seguire
1204 1306 1312 1330 onesta
1332 1312 1348 1330 e
1368 1304 1526 1330 laudabile
1540 1304 1593 1330 via

843 1352 859 1370 e
878 1345 1041 1377 fruttuosa,
1062 1352 1147 1371 come
1166 1345 1217 1371 nel
1238 1348 1347 1377 quarto
1364 1345 1436 1371 dell*
1440 1345 1560 1372 Enaida
1574 1346 1590 1372 e

842 1386 959 1411 scritto.
975 1385 1096 1416 Quanto
1111 1393 1258 1420 spronare
1278 1387 1310 1412 i’u
1331 1387 1445 1420 quello,
1468 1387 1592 1420 quando

842 1435 911 1455 esso
932 1428 1019 1453 Enea
1038 1431 1182 1454 sostenne
1202 1429 1266 1454 solo
1286 1435 1343 1454 con
1367 1429 1477 1455 Sibilla
1501 1437 1520 1455 a
1540 1435 1590 1455 611-
1636 1462 1638 1466 ι

842 1453 926 1495 triti-e
946 1456 1027 1497 neilo
1046 1470 1173 1496 Inferno
1198 1478 1216 1496 a
1244 1478 1370 1497 cei-care
1400 1472 1471 1497 dell'
1488 1470 1594 1498 anima

842 1511 890 1537 del
910 1518 963 1537 suo
983 1512 1079 1544 padre
1100 1512 1234 1538 Anchise
1255 1515 1361 1539 contro
1383 1521 1401 1539 a
1417 1513 1497 1539 tanti
1512 1513 1593 1546 perl-
1638 1507 1639 1510 ¹

842 1553 911 1586 coli,
932 1561 1019 1580 come
1038 1555 1087 1580 nel
1115 1552 1205 1580 sest(
1222 1548 1303 1581 (161131
1330 1555 1414 1581 detta
1441 1555 1539 1581 storia.
1565 1555 1593 1581 si

841 1595 1000 1621 dimostra.
1020 1596 1080 1622 Per
1100 1597 1155 1622 che
1175 1604 1291 1630 appare
1310 1597 1365 1623 che
1385 1597 1468 1623 neila
1483 1599 1592 1623 nostra

841 1638 1016 1670 gioventute
1036 1645 1137 1664 essere
1164 1646 1182 1664 a
1210 1642 1317 1664 nostra
1346 1639 1523 1672 perfetione
1552 1646 1592 1666 ne

840 1687 997 1712 convegna
1017 1681 1179 1713 temperati
1199 1688 1215 1706 e
1236 1681 1327 1707 forti:
1350 1689 1367 1707 e
1393 1685 1499 1714 questo
1521 1681 1552 1707 fa
1575 1689 1592 1708 6

839 1722 987 1748 dimostra
1008 1723 1038 1748 la
1058 1723 1158 1749 buona
1178 1726 1300 1756 natura,
1322 1723 1453 1750 siccome
1473 1722 1494 1749 il
1509 1726 1588 1750 testo

839 1764 907 1790 dice
928 1767 1181 1797 espressameute.
1204 1765 1328 1791 Ancora
1350 1765 1365 1790 6
1380 1773 1398 1791 a
1413 1767 1520 1798 questa
1534 1765 1585 1792 eta

839 1813 856 1831 e
875 1813 894 1832 a
907 1813 963 1832 sua
976 1807 1151 1839 perfezione
1165 1808 1341 1833 necessario
1353 1807 1491 1834 d'essere
1509 1814 1592 1834 amo-

837 1855 918 1874 rosa..
934 1867 941 1874 .
954 1867 961 1873 .
983 1847 1147 1874 Conviensi
1169 1856 1273 1875 amare
1293 1850 1315 1874 li
1337 1850 1404 1875 suoi
1425 1849 1587 1882 maggior-i,

837 1889 910 1916 dalli
931 1891 1016 1923 quali
1036 1891 1076 1916 ha
1102 1891 1239 1916 ricevuto
1268 1891 1305 1916 ed
1332 1899 1434 1917 essere
1455 1899 1471 1917 6
1491 1891 1597 1917 nuti-L,

837 1935 939 1957 mento
961 1940 978 1958 e
996 1933 1143 1964 dottrina,
1164 1933 1265 1958 sicche
1287 1940 1353 1959 esso
1374 1941 1435 1959 non
1458 1933 1530 1966 paia
1544 1932 1590 1958 in·

837 1976 934 2006 grato.
956 1974 1123 2000 Conviensi
1143 1982 1247 2000 amare
1268 1975 1290 2000 li
1311 1976 1377 2001 suoi
1398 1976 1522 2008 minori,
1538 1983 1588 2000 ac-

837 2015 957 2042 ciocche
978 2016 1108 2041 amando
1129 2016 1234 2048 quelli,
1255 2016 1307 2042 dia
1332 2018 1399 2043 loro
1429 2017 1504 2043 (16111
1523 2018 1591 2042 suoi

836 2057 965 2083 benefici
986 2065 1040 2090 per
1059 2058 1081 2082 li
1101 2059 1184 2090 quali
1206 2059 1255 2091 poi
1278 2059 1362 2084 nella
1383 2059 1503 2085 minore
1517 2066 1591 2092 pro-

837 2099 952 2132 sperita
966 2106 1033 2125 esso
1048 2100 1094 2125 sia
1108 2101 1146 2126 da
1161 2101 1226 2126 loro
1242 2096 1399 2126 sostenuto
1415 2108 1431 2127 e
1445 2102 1588 2127 onorato.

836 2139 863 2166 Ε
882 2144 990 2174 questo
1010 2149 1116 2168 amore
1137 2145 1250 2168 mostra
1271 2142 1326 2168 che
1341 2150 1449 2169 avesse
1463 2143 1551 2168 Enea
1565 2143 1587 2168 il

836 2175 961 2209 fiomato
982 2187 1072 2215 poeta
1093 2184 1143 2210 nel
1158 2185 1264 2216 quinto
1279 2185 1358 2210 libro
1373 2185 1585 2218 sopraddetto,

837 2225 959 2257 quando
979 2225 1073 2250 luscio
1095 2226 1116 2250 li
1139 2226 1244 2259 vecchi
1268 2226 1396 2251 Troiani
1424 2227 1456 2251 in
1480 2225 1587 2252 Sicilia

837 2268 1067 2293 raccomandati
1087 2269 1126 2293 ad
1149 2269 1267 2302 Aceste,
1285 2277 1300 2293 e
1316 2263 1433 2301 pai-tini
1448 2268 1528 2294 dalle
1542 2269 1585 2294 fa-

837 2309 936 2334 tiche:
959 2316 975 2333 6
995 2309 1118 2341 quando
1132 2310 1318 2336 ammaostro
1333 2311 1364 2335 in
1382 2310 1483 2342 quello
1497 2310 1588 2341 luogo

837 2350 971 2375 Ascanio
992 2359 1046 2376 suo
1070 2351 1205 2382 figliuolo
1232 2359 1288 2377 con
1315 2352 1355 2383 gli
1385 2352 1458 2377 altri
1487 2351 1588 2377 adole-

837 2393 934 2417 scenti
954 2394 1171 2424 armeggiando
1186 2400 1192 2418 :
1216 2400 1271 2426 per
1286 2394 1341 2418 che
1356 2400 1472 2426 appare
1488 2400 1507 2420 a
1518 2399 1590 2425 que·

834 2436 882 2459 sta
902 2433 951 2459 eta
975 2441 1077 2459 essere
1106 2442 1210 2460 amore
1240 2435 1428 2467 necessario,
1456 2441 1541 2461 come
1565 2431 1607 2460 i1‘

833 2477 912 2500 testo
939 2475 1016 2501 dice.
1042 2475 1164 2501 Ancora.
1190 2476 1206 2501 e
1231 2476 1407 2502 necessario
1435 2484 1454 2502 a.
1480 2479 1599 2508 questa—

835 2515 884 2541 eta
904 2524 1006 2542 essere
1025 2519 1153 2549 cortese,
1176 2517 1241 2550 che,
1262 2518 1500 2550 avvegnaehe·a
1525 2518 1586 2544 cia-

833 2565 929 2584 scuna
949 2558 999 2584 eta
1020 2559 1067 2584 sia.
1086 2559 1167 2584 bello
1188 2559 1208 2584 l‘
1222 2567 1326 2585 essere
1350 2561 1380 2585 di
1407 2561 1519 2586 coi-tesi
1540 2567 1588 2587 co·

834 2601 938 2632 stumi,
949 2607 967 2626 a
979 2603 1087 2632 questa
1099 2601 1350 2627 massimamente
1364 2601 1380 2627 e
1395 2601 1582 2634 necessat-10,

832 2641 980 2673 pei-ocche
999 2642 1051 2667 1161
1070 2640 1225 2668 contrario
1240 2643 1325 2669 nulla
1339 2645 1432 2676 puoto
1451 2649 1544 2669 avere
1558 2644 1589 2670 la

834 2686 986 2710 senettute
1006 2691 1060 2717 per
1081 2683 1111 2709 la
1130 2691 1281 2716 gravezza
1303 2692 1358 2711 sua
1379 2693 1396 2711 e
1415 2692 1469 2718 pei·
1490 2686 1522 2711 la
1542 2690 1586 2710 se-

832 2724 943 2758 verit-4,
963 2725 1018 2750 che
1038 2732 1057 2751 a
1076 2725 1117 2751 lei
1132 2726 1157 2752 si
1172 2726 1329 2753 richiede:
1346 2734 1362 2753 6
1377 2726 1439 2753 cosi
1453 2727 1482 2752 10
1497 2727 1584 2753 senio

833 2767 1083 2799 maggiormente.
1113 2768 1139 2793 Ε
1167 2771 1276 2801 questa
1307 2769 1439 2795 cortesis.
1470 2771 1587 2795 mostra
