1760 2892
356 231 598 276 ‘provisione
622 244 726 272 avea
731 197 814 271 da
826 233 1034 273 Oavakiero
1087 242 1090 243 ’

404 293 466 337 Ed
492 305 563 331 era
585 293 663 330 ben
689 292 858 330 servito
865 292 916 330 ed
941 296 1124 331 onerato.

403 348 566 390 Andare
591 363 613 389 e
639 355 725 389 star
748 356 868 400 potea
892 351 932 389 al
957 364 1032 390 suo
1055 352 1224 401 piaoere.

357 411 392 450 E
418 412 512 460 q'uel
537 411 648 448 ch’io
674 410 775 448 dissi
800 411 874 448 ohe
899 423 1001 449 avea
1025 412 1259 450 comineiato

406 473 495 509 Non
523 471 694 519 seguitb,
719 482 792 519 per
815 470 1059 509 l'affrettata
1082 476 1222 520 morte,

405 532 522 570 Della
548 532 645 579 qual
668 543 763 568 cosa
786 531 833 568 fu
857 530 908 568 ed
932 531 954 568 ὸ
980 536 1162 581 sousasso3

319 607 324 610 ·
357 591 558 630 Pel-ocche
586 592 610 627 ’1
636 590 830 629 Salvador
855 591 890 628 si
913 591 1019 628 satta
1044 596 1152 630 sorte

406 653 495 689 Non
519 650 693 700 perdono
712 663 736 687 a
754 649 809 697 se,
834 650 885 687 ne
910 651 1128 699 perdonare

407 712 446 749 A
468 712 601 748 Dante
625 709 731 747 volle
757 709 787 746 il
810 721 932 757 passo
958 709 1060 748 delle
1084 714 1211 759 porte.

359 771 394 808 E
419 770 495 808 tali
517 770 548 807 il
571 769 699 808 voller
722 768 788 817 poi
813 769 1056 817 calunniam,

409 831 491 869 Che
517 833 642 868 avuto
665 841 744 866 non
770 829 996 866 avrebbono
1022 830 1245 868 ardimento

407 890 524 928 Nella
547 899 738 938 presenza
765 899 839 925 sua
865 887 1136 933 difiavellare.

362 950 416 988 Or
440 949 505 988 chi
530 948 568 987 ei
594 948 615 986 e
640 947 738 996 oggi
762 947 824 985 ch⁷
839 947 958 985 abbia
983 948 1235 997 sentimensso,

410 1009 602 1047 Eziandio
626 1007 657 1045 il
679 1009 792 1056 Papa
817 1020 839 1044 e
864 1007 894 1043 11
919 1007 1130 1056 cardinali,

408 1067 490 1107 Che
507 1081 586 1106 non
602 1067 731 1111 faceia
748 1079 820 1115 per
835 1068 967 1105 Dante
986 1067 1080 1115 ogni
1097 1069 1356 1116 argomento?

362 1129 494 1166 Dante
519 1128 565 1164 fu
588 1139 684 1164 uom
707 1126 853 1175 do'pifi
876 1119 1097 1164 univeisah'

410 1189 492 1226 Che
518 1201 544 1225 a
569 1199 643 1225 suo
666 1190 801 1234 tempo
827 1198 971 1224 avesse
995 1187 1224 1225 l’universo

406 1250 486 1286 Tra
511 1248 570 1296 gli
595 1245 798 1284 soienziati
825 1258 845 1282 e
869 1245 885 1282 i
909 1247 1102 1295 naturali3

362 1310 396 1347 E
421 1311 615 1357 perpetua
639 1307 748 1343 fama
771 1306 814 1342 in
839 1306 935 1354 ogni
957 1318 1076 1344 verso

410 1368 503 1406 Ana
530 1367 629 1404 tzitta
655 1365 695 1402 di
719 1365 883 1402 Firenze
908 1366 962 1402 ha
987 1366 1167 1414 lasoiata,

348 1453 351 1457 -
407 1427 557 1465 Poiche
582 1425 623 1462 di
649 1428 792 1473 questa
818 1425 904 1462 vita
929 1425 975 1462 fu.
1001 1438 1238 1464 sommerso:

30 1512 82 1534 ,,., «,
363 1486 564 1525 Peroooh'e
589 1485 614 1521 l’
627 1485 682 1521 ha
707 1484 748 1520 (11
772 1484 912 1532 pregio
935 1484 1184 1522 incoronata:

410 1547 444 1583 E
470 1547 508 1583 'n
531 1545 587 1582 fin
612 1545 646 1582 e’
663 1543 722 1592 gli
746 1544 801 1580 ha
826 1544 995 1581 renduto
1019 1556 1091 1592 per
1114 1545 1195 1582 mal
1219 1545 1330 1593 bene,

15 1595 65 1662 34
412 1606 530 1644 Come
557 1604 593 1642 si
618 1603 785 1641 convien
809 1603 895 1640 fare
922 1604 1018 1653 ogni
1041 1605 1150 1642 flata.

360 1665 394 1702 I’
409 1665 551 1714 priego
576 1663 718 1710 Cristo,
745 1662 847 1700 onde
873 1663 969 1711 ogni
993 1664 1130 1711 grazia
1154 1665 1282 1713 viene,

409 1726 443 1762 Ε
467 1725 508 1762 la
533 1736 608 1761 sua
633 1722 772 1760 Madre
798 1723 973 1770 Vel-gine
998 1735 1182 1772 superna,

410 1782 492 1822 Con
516 1782 615 1821 tutti
640 1778 658 1819 1
680 1782 802 1830 Santi,
829 1794 939 1819 come
966 1782 1002 1820 si
1027 1783 1228 1832 conviene,

363 1843 412 1881 Se
436 1843 479 1880 in
503 1843 730 1890 Purgatoro
754 1841 780 1877 l'
789 1841 921 1878 anima
947 1854 1022 1878 sua
1046 1855 1182 1890 verna,

410 1903 491 1940 Che
516 1902 557 1938 la
575 1910 632 1938 ‘ne
656 1904 806 1948 tragga
831 1913 903 1948 per
928 1900 1064 1938 divina
1089 1902 1238 1950 grazia,

405 1962 440 1998 E
465 1961 682 1999 conducala
707 1973 732 1996 a
760 1961 837 1997 ben
863 1960 904 1996 di
930 1960 1015 1998 vita
1051 1965 1200 1998 eterna.

360 2021 415 2058 Di
438 2020 628 2069 ragiona1
654 2019 694 2056 di
718 2019 778 2056 lui
801 2019 883 2056 mai
907 2033 985 2057 non
1011 2020 1058 2057 fu
1083 2021 1191 2058 sazia

409 2081 468 2117 La
493 2083 626 2116 mente
652 2078 751 2126 mia3
779 2079 874 2127 pero
899 2091 980 2115 non
1004 2079 1036 2116 ti
1063 2079 1124 2116 sia
1150 2081 1302 2129 grieve,

410 2139 461 2176 Se
487 2139 678 2187 alquanto
704 2151 728 2175 a
754 2150 828 2175 suo
854 2138 998 2176 diletto
1025 2139 1094 2187 qui
1119 2139 1155 2177 si
1182 2140 1329 2188 spazia,

358 2199 431 2237 Ch‘
448 2199 487 2236 io
513 2199 598 2236 dire>
622 2212 694 2247 per
717 2199 876 2236 innanzi
901 2199 1011 2236 assai
1035 2199 1185 2238 brieve.

1513 535 1588 572 278

1483 1607 1587 1644 296
