1760 2892
131 227 134 229 -
305 172 456 215 dietum
489 171 805 225 instrumentum
829 164 1336 228 appelletiani'siiredicte',
1363 179 1452 218 sive
1475 179 1606 228 ipsam

131 232 365 277 ustionem
397 237 551 274 factum
584 238 651 275 vel
683 237 836 276 factam
866 236 999 276 fuisse
1031 236 1219 287 presente
1242 235 1296 277 D.‘
1315 239 1445 277 Fredo
1469 239 1607 278 Iudice

52 290 378 353 Qpellafiionum
405 296 592 334 Comunis
618 297 822 335 Florentio
840 310 911 346 per
927 297 1078 335 dictum
1097 299 1168 336 Ser
1184 298 1502 347 Petraccholum,
1519 301 1612 338 Flo-

0 351 195 419 pientio,
220 354 263 392 in
287 356 434 404 populo
460 357 497 393 S.
516 357 708 406 Stephani
733 357 934 395 Abbatie
923 371 964 394 in
982 358 1049 395 via
1067 358 1244 406 publica;
1264 371 1355 396 cum
1376 359 1418 397 in
1434 360 1609 398 veritate

0 445 38 482 f
52 414 130 453 hoc
153 427 234 453 non
257 415 382 452 fuerit
407 429 558 463 verum,
587 417 658 454 sed
683 418 843 463 falsum,
863 418 968 466 quod
985 417 1118 455 dictus
1136 419 1263 456 Iudex
1281 419 1605 467 Appellationum

0 483 220 524 presens
237 475 362 512 fuerit
379 476 617 513 confectioni
632 477 738 514 dicte
753 477 1050 525 appellationis:
1068 483 1188 525 prout
1207 483 1247 515 et
1265 478 1484 516 secundum
1501 480 1608 528 quod

0 535 24 576 ξ,
42 532 91 574 ,in
115 535 205 584 ipsa
230 535 422 571 iamdicta
447 537 803 584 condempnatione
829 550 900 585 per
923 537 1148 585 predictum
1166 538 1199 574 d.
1219 538 1486 576 Gerardinum
1514 544 1611 576 tunc

0 582 296 646 {potestatem
321 594 532 640 Florentie,
561 596 611 631 de
637 595 742 632 dicto
768 597 839 633 Ser
864 597 1124 646 Petraccholo
1149 598 1304 634 notario
1329 598 1439 634 facta
1461 598 1503 635 in
1531 598 1614 636 mil-

32 653 190 695 lesimo
217 659 301 690 ccc⁰
326 654 384 701 ij0,
412 654 629 691 indictione
660 656 798 702 prima,
826 655 889 692 die
915 657 1052 692 Sabati
1082 657 1280 704 vigesimo
1314 657 1500 705 octobris,
1533 659 1609 695 hec

53 720 95 751 et
118 713 199 750 alia
225 714 481 750 continentur
511 719 551 751 et
585 715 742 762 plenius
780 716 1009 763 specificata
1045 721 1150 753 sunt.
1186 717 1362 760 Quorum
1396 718 1606 756 occasione

0 783 11 822 g
49 772 157 810 idem
182 773 253 811 Ser
278 774 564 811 Petraccholus
582 775 672 811 Not.
691 787 837 822 passus
855 775 934 812 fuit
952 785 995 812 se
1014 777 1105 823 poni
1123 782 1164 813 et
1182 777 1397 814 exclamari
1415 777 1456 814 in
1474 778 1604 814 banno

0 824 6 841 '
49 833 184 870 averis
214 837 255 870 et
283 845 453 881 persone
488 846 558 881 per
593 835 815 872 Gerardum
852 835 1082 872 Bonaffedis
1117 836 1320 883 publicum
1355 837 1604 874 bannitorem

0 895 12 916 5·
49 891 238 942 comunis
264 893 484 939 Florentie‚
512 894 553 929 in
588 906 664 942 quo
698 895 889 931 incurrit:
917 899 964 931 ut
989 896 1061 931 hec
1088 901 1130 932 et
1165 896 1245 932 alia
1279 897 1319 933 in
1354 897 1456 933 actis
1498 896 1607 934 curie

0 927 9 951 v
10 951 179 1000 ipsius
205 952 299 989 olim
325 954 546 990 Potestatis
573 954 773 990 Florentie
800 954 956 1002 plenius
991 955 1255 992 continentur.
1294 956 1406 993 Unde
1440 956 1600 993 Domini

46 1011 214 1049 Priores
239 1012 399 1049 Artium
418 1017 459 1049 et
476 1013 685 1050 Vexillifer
702 1013 862 1050 iustitie
881 1015 1210 1051 considerantes
1198 1027 1328 1062 ipsam
1345 1016 1602 1064 condempna-

0 1064 26 1118 ζ
48 1070 200 1108 tionem
218 1075 259 1109 et
276 1084 439 1108 causam
458 1079 620 1120 propter
634 1086 753 1121 quam
771 1074 859 1121 ipsa
877 1074 1180 1121 condempnatio
1194 1074 1302 1112 facta
1316 1075 1396 1112 fuit
1413 1080 1453 1112 et
1466 1075 1605 1112 habito

0 1124 27 1188 [J'
27 1135 238 1186 respectu
261 1132 313 1168 ad
337 1131 468 1180 ipsius
495 1145 559 1169 ser
585 1133 834 1170 Petraccholi
861 1133 1139 1180 innocentiam,
1176 1139 1216 1171 et
1241 1135 1282 1171 in
1307 1135 1388 1172 hiis
1416 1139 1456 1171 et
1482 1147 1606 1183 super

0 1194 6 1218 ἵ
27 1178 129 1229 liits
164 1191 304 1228 audita
339 1195 379 1228 et
413 1192 575 1240 cognita
607 1193 817 1229 voluntate
852 1193 1240 1230 Gonfalloneriorum
1267 1195 1512 1231 Societatum
1538 1195 1611 1231 Po-

0 1223 26 1315 ἓ
48 1250 149 1299 puli,
184 1255 225 1288 et
262 1252 516 1299 postmodum
554 1252 840 1289 deliberatione
878 1252 1089 1300 prehabita
1126 1253 1329 1301 diligenti,
1370 1261 1412 1290 et
1445 1254 1605 1291 demum

0 1316 8 1358 f
45 1309 152 1347 inter
175 1309 285 1358 ipsos
312 1311 471 1348 PrIOres
498 1314 539 1347 et
566 1311 854 1358 Vexilliferum,
882 1312 1101 1349 secundum
1133 1312 1303 1349 formam
1336 1314 1600 1359 Statutorum‚

0 1364 4 1408 l
20 1369 242 1421 premisso
260 1370 368 1407 facto
387 1375 427 1407 et
444 1372 606 1407 obtento
632 1372 781 1419 partito
807 1376 849 1408 et
874 1376 1030 1408 secreto
1056 1372 1276 1420 scruptinio
1296 1373 1348 1409 ad
1364 1373 1538 1420 pissides
1558 1378 1601 1410 et

0 1428 4 1470 i
46 1430 252 1477 palloctas‚
272 1442 340 1466 eor
342 1443 410 1466 um
426 1430 539 1467 offitii
556 1431 798 1468 auctoritate
816 1435 858 1468 et
874 1431 1013 1478 vigore
1031 1431 1294 1479 providerunt
1307 1433 1597 1470 ordinaverunt

0 1487 44 1541 f„
47 1493 89 1525 et
115 1488 412 1526 stantiaverunt
438 1490 543 1537 quod
568 1490 783 1527 iamdictus
811 1503 875 1527 ser
901 1491 1197 1534 Petraccholus‚
1229 1495 1275 1527 ut
1305 1504 1426 1539 supra
1453 1493 1602 1529 dicitur

0 1540 17 1595 {⁷
47 1547 363 1596 condempnatus
382 1554 422 1586 et
440 1550 682 1587 exbannitus
700 1550 976 1587 occasionibus
1002 1551 1228 1597 antedictis,
1248 1551 1429 1588 totaliter
1447 1551 1495 1588 de
1518 1564 1601 1599 pre-

0 1607 167 1657 dictis
193 1612 234 1644 et
259 1621 283 1644 a
299 1609 491 1656 predictis
512 1610 867 1658 condempnatione
885 1614 926 1647 et
942 1611 1084 1656 banno,
1103 1615 1145 1647 et
1162 1611 1344 1647 omnibus
1369 1615 1410 1647 et
1427 1611 1602 1658 singulis

0 1658 11 1715 ξ
46 1666 90 1704 in
115 1667 175 1704 eis
201 1668 401 1705 contentis
428 1673 469 1705 et
495 1681 545 1705 ex
569 1669 760 1717 predictis
778 1671 843 1707 vel
860 1670 993 1718 aliquo
1011 1670 1281 1718 predictorum
1305 1670 1602 1718 quomodolibet

0 1723 13 1775 {J
48 1727 277 1764 subsecutis
305 1728 503 1764 eximatur
527 1729 721 1766 liberetur
747 1735 788 1766 et
812 1730 1047 1767 absolvatur
1072 1734 1112 1767 et
1140 1729 1269 1775 eximi,
1289 1730 1451 1766 liberari
1470 1735 1510 1767 et
1536 1731 1599 1767 ab·

46 1787 189 1823 «solvi
214 1787 345 1834 possit
380 1793 420 1824 et
456 1789 600 1824 debeat
636 1801 705 1835 per
739 1789 847 1825 viam
882 1794 922 1825 et
955 1790 1116 1826 modum
1151 1790 1377 1826 oblationis.
1417 1791 1468 1826 Et
1495 1790 1602 1837 quod

0 1838 21 1877 Γ
49 1858 70 1881 «
87 1851 297 1894 propterea
323 1847 428 1883 idem
455 1860 520 1884 ser
545 1849 829 1885 Petraccholus
856 1850 1188 1897 quandocumque
1223 1850 1300 1886 sibi
1335 1850 1531 1896 placuerit
1557 1855 1600 1887 et

0 1878 18 1947 l·
50 1905 290 1942 «videbitur
316 1907 471 1954 sibique
507 1907 627 1944 liceat
661 1908 790 1955 possit
822 1908 974 1945 intrare
1010 1909 1051 1944 in
1087 1909 1314 1945 carceribus
1347 1909 1602 1947 Stincharum

49 1978 68 2000 «
88 1971 161 2002 aut
185 1966 411 2014 Volognani
437 1967 541 2004 Com.
568 1967 761 2014 Floreat„
790 1972 831 2005 et
854 1974 1067 2016 postquam
1094 1968 1220 2005 fuerit
1244 1968 1286 2005 in
1312 1970 1498 2016 claustro,
1526 1981 1601 2006 seu

11 2034 16 2041 ·
48 2024 192 2061 «intra
218 2038 353 2063 muros
380 2027 672 2064 circumdantes
699 2028 872 2076 aliquem
897 2028 1075 2076 ipsorum
1103 2040 1318 2074 carcerum,
1343 2028 1597 2075 intelligatur
1641 2067 1643 2069 ,

48 2097 68 2118 «
87 2096 177 2120 esse
203 2091 245 2121 et
269 2086 466 2123 habeatur
501 2090 542 2123 et
576 2086 630 2123 sit
655 2099 701 2122 ac
728 2087 763 2123 si
794 2092 902 2124 esset
938 2087 977 2122 in
1015 2087 1242 2123 carceiibus
1276 2087 1492 2124 antedictis
1518 2100 1597 2124 non

0 2125 37 2224 ἱ,-
47 2158 68 2178 «
87 2145 274 2182 obstante
302 2147 407 2213 quod
431 2147 518 2194 ipse
543 2160 622 2183 non
649 2147 850 2183 scribatur
876 2160 948 2184 seu
975 2148 1150 2194 scriptus
1178 2159 1257 2182 non
1283 2147 1405 2183 fuerit
1436 2159 1508 2194 per
1532 2159 1597 2183 no-

7 2214 10 2246 j
46 2204 230 2242 «tarium
258 2205 327 2253 qui
361 2206 500 2242 scribit
526 2211 567 2242 et
593 2207 766 2243 scribere
800 2207 920 2243 debet
955 2212 1180 2243 carceratos
1217 2206 1286 2254 qui
1321 2206 1475 2243 intrant
1510 2207 1599 2243 sive

0 2226 65 2315 ἓ(
46 2263 379 2311 «consignantur
402 2264 443 2301 in
469 2265 568 2312 ipsis
587 2266 831 2312 carceribus;
862 2272 902 2302 et
920 2266 1182 2314 postmodum,
1202 2266 1253 2301 ad
1279 2267 1529 2302 voluntatem
1556 2271 1598 2303 et

0 2318 11 2372 ξ
47 2335 66 2356 «
88 2323 380 2370 beneplacitum
414 2325 553 2372 ipsius,
590 2325 698 2362 exire
733 2326 862 2373 possit
897 2338 970 2362 seu
1004 2326 1241 2361 extrahatur
1267 2330 1309 2362 et
1333 2325 1526 2362 liberetur
1553 2330 1594 2362 et

0 2372 13 2420 i*
46 2396 66 2414 «
87 2382 294 2429 eximatur,
322 2388 363 2419 et
389 2383 557 2430 extrahi,
584 2384 746 2421 liberari
772 2389 814 2420 et
839 2385 957 2421 eximi
984 2383 1113 2432 possit
1139 2390 1180 2420 et
1205 2385 1349 2421 debeat
1368 2397 1438 2432 per
1461 2397 1595 2431 super-

10 2436 13 2439 *
49 2455 67 2474 α
88 2441 206 2478 stites
234 2442 298 2478 vel
323 2442 437 2479 illum
463 2456 536 2480 seu
561 2443 652 2480 illos
677 2444 747 2491 qui
771 2445 953 2492 deputati
980 2450 1117 2480 essent
1142 2444 1193 2480 ad
1217 2444 1439 2481 custodiam
1466 2444 1609 2481 huius-

16 2539 18 2541 >
50 2513 70 2534 ‹<
89 2500 195 2537 modi
221 2514 433 2549 carcerum,
461 2503 612 2551 absque
640 2515 777 2540 eorum
802 2503 1015 2551 preiuditio
1042 2508 1084 2539 et
1100 2503 1346 2550 gravamine,
1364 2504 1412 2539 de
1436 2503 1538 2551 ipsis
1557 2508 1599 2540 et

15 2608 18 2612 .
48 2574 67 2595 «
87 2561 137 2597 ab
163 2561 264 2608 ipsis
290 2563 527 2607 carceribus,
554 2563 663 2600 licite
690 2569 730 2600 et
754 2563 929 2611 impune.
956 2564 1008 2598 Et
1034 2563 1327 2610 subsequenter
1351 2576 1375 2599 a
1392 2564 1478 2600 loco
1495 2563 1600 2611 ipso-

10 2626 25 2634 ’·
49 2634 69 2654 «
86 2632 176 2656 rum
202 2632 407 2658 carcerum
424 2634 550 2670 usque
569 2623 619 2659 ad
637 2623 860 2659 Ecclesiam
878 2622 986 2658 beati
1003 2622 1194 2659 Iohannis
1212 2623 1396 2670 Baptiste
1415 2623 1596 2668 dueatur,

9 2702 19 2726 ι,
49 2693 68 2713 α
86 2691 159 2716 seu
183 2680 243 2716 ire
270 2681 398 2727 possit
423 2682 574 2730 absque
602 2682 737 2730 aliqua
764 2682 898 2718 mitria
924 2682 963 2717 in
990 2682 1132 2729 capite,
1160 2682 1245 2719 sive
1272 2681 1368 2719 alibi
1385 2683 1595 2730 quomodo-

12 2739 29 2796 ι’
49 2753 68 2773 «
86 2751 256 2787 cumque
283 2740 466 2776 habenda
492 2745 533 2777 et
559 2741 797 2787 defferenda,
826 2741 1051 2789 ibidemque
1079 2742 1186 2789 apud
1221 2742 1347 2778 altare
1373 2742 1500 2790 ipsius
1528 2743 1602 2779 Ec-

20 2828 27 2858 Ϊ·
67 2868 70 2871 ι
102 2836 233 2862 >Duum
252 2843 273 2862 l:
296 2837 442 2863 annzn
461 2851 495 2856 -
516 2838 608 2863 Prone
629 2838 759 2862 antiche.
1468 2840 1503 2865 33
