1760 2892
140 294 166 318 ‹
185 288 292 319 stras
306 281 328 317 l)
353 284 469 318 tanta
494 280 627 317 letitia
652 280 927 329 perfuderunt,
949 285 1142 330 quantam
1165 294 1282 319 nemo
1307 243 1471 322 valeret
1488 287 1582 324 'seu
1580 287 1592 297 ”’

142 355 166 377 <<
184 353 258 379 seu
283 340 528 409 cogit-atione
553 340 700 378 metiri.
726 341 842 388 Nam,
862 353 992 389 quam,
1010 342 1096 378 fere
1120 344 1265 390 praem)
1293 340 1496 381 desiderio
1512 354 1589 381 so··
1610 363 1616 375 .
1662 355 1669 369 ³

144 475 165 497 ‹
183 462 397 509 plusquam
424 461 550 497 semel
583 461 659 500 sub
691 465 860 508 paterna
893 461 1112 499 monitione
1146 461 1407 510 polliceturn).
1420 463 1497 500 OEt
1529 463 1582 502 ad
1613 456 1760 514 qd

144 534 166 556 «
187 521 297 557 aliud
322 521 364 557 in
391 520 509 557 civile
527 520 678 557 bellum
695 521 944 558 corruimus?
962 521 1067 565 Quid
1085 522 1194 559 aliud
1212 522 1383 560 candida
1398 528 1538 561 nostra
1545 525 1574 562 ο)
1591 523 1627 562 εἰ
1711 507 1760 579 'jaff

146 595 166 616 «
184 580 401 628 petebant?
426 581 479 616 Et
507 581 558 616 ad
584 581 680 628 quid
706 581 816 617 aliud
837 594 956 618 enses
983 586 1025 618 et
1049 582 1132 621 tela
1147 587 1287 619 nostra
1303 582 1550 632 rubebantv),
1568 583 1722 623 nisiut

146 655 167 677 ‹<
188 640 256 688 qui
282 640 416 677 civilia
443 640 533 677 iura
559 641 774 678 temeraria
799 642 1009 690 voluptate
1028 646 1326 690 tiuncaverant,
1346 647 1388 680 et
1403 643 1501 692 iugo
1522 643 1588 693 pie
1603 644 1643 682 le
1674 637 1743 702 8

151 715 173 739 «
192 701 294 738 colla
320 700 630 748 summitterent,
659 706 701 738 et
725 702 776 738 ad
802 714 942 750 pacem
975 702 1104 750 patrie
1136 703 1400 750 cogerentur?
1425 703 1617 753 Quippee)
1643 713 1712 746 no·

145 775 166 797 ‹
186 766 270 798 stre
295 761 532 798 intentionis
559 762 695 809 cuspis
722 762 932 810 legiptima
959 763 1006 799 de
1034 775 1159 800 nervo
1185 775 1304 811 quem
1331 763 1596 822 tendebamus
1624 775 1745 815 pro-
1732 755 1760 792 3

142 835 165 858 <
186 834 384 869 rumpens,
414 821 591 869 quietem
618 822 745 859 solam
772 829 812 859 et
845 823 1077 860 libertatem
1109 823 1247 890 populi
1280 823 1501 862 Florentini
1518 819 1760 873 petebam-sq·-

148 895 169 918 ‹<
186 881 334 930 petitr),
362 885 485 930 atque
511 887 624 930 petet
654 883 696 919 in
731 887 950 930 posterum.
985 883 1102 927 Quod
1137 883 1174 920 si
1206 888 1291 920 tam
1326 884 1560 942 gratissimo
1593 883 1753 934 nobis:

146 956 166 978 «
188 942 376 979 benefitio
402 942 596 989 vigilatis,
626 948 667 980 et
692 944 948 981 adversarios
974 948 1146 991 nostros,
1173 949 1294 992 prout
1327 938 1468 982 sancta
1501 943 1715 985 conamina»
1746 978 1760 996 „-

144 1016 167 1036 «
185 1005 324 1038 nostra
350 1002 563 1049 voluerint,
592 1003 643 1039 ad
671 1003 803 1039 sulcos
830 1003 932 1039 bone
951 1002 1160 1040 civilitatis
1177 1003 1390 1041 intenditis
1408 1015 1598 1049 remeare.
1615 1002 1737 1055 quis
1727 997 1760 1041 ἶ

144 1077 166 1099 (ς
185 1062 301 1099 vobis
319 1062 466 1110 dignas
485 1067 624 1110 grates
642 1063 872 1111 persolvere
891 1063 1114 1100 atentabit?
1131 1063 1214 1100 Nec
1228 1063 1316 1111 opis
1335 1067 1399 1101 est
1414 1069 1564 1112 nostre,
1582 1068 1712 1113 pater,
1746 1061 1760 1084 ‘¹

146 1135 167 1158 «
186 1134 260 1159 nec
286 1122 477 1170 quicquid
503 1123 732 1160 Florentine
759 1124 895 1171 gentis
913 1124 1114 1172 reperitur
1138 1124 1180 1161 in
1205 1124 1344 1161 terris:
1365 1125 1437 1162 sed
1464 1125 1499 1161 si
1517 1137 1597 1173 qua
1621 1125 1721 1163 celo
1754 1127 1760 1133 '

148 1197 168 1218 «
188 1186 251 1219 est
275 1182 407 1231 pietas
444 1195 547 1231 quae
584 1183 682 1220 talia
717 1184 1012 1221 remuneranda
1042 1184 1268 1232 prospitiat,
1295 1184 1366 1221 illa
1390 1184 1506 1223 vobis
1531 1184 1717 1233 praemia.
1754 1231 1758 1235 Ι

145 1237 167 1279 <(
187 1243 309 1291 digna.
334 1244 451 1291 ferat,
480 1244 548 1292 qui
576 1248 688 1281 tante
713 1244 827 1281 urbis
845 1244 1162 1281 misericordiam
1178 1244 1381 1293 induistis,
1401 1250 1443 1283 et
1459 1245 1511 1282 ad
1534 1244 1732 1283 sedanda*

149 1318 171 1340 «
192 1304 377 1341 civiumss)
403 1304 573 1352 profana
597 1304 732 1352 litigia
756 1305 973 1342 festinatis.
1663 1316 1683 1335 ἓ

218 1378 238 1400 (1
257 1365 371 1412 Sane,
399 1377 489 1401 cum
523 1377 594 1412 per
629 1369 767 1402 sancte
803 1365 1012 1413 religionis
1044 1365 1177 1403 virum
1211 1365 1379 1402 fratrem
1411 1366 1466 1413 L.,
1499 1364 1736 1405 civilitatis

152 1439 171 1460 «
192 1436 474 1473 persuasorem
498 1429 540 1461 et
564 1424 687 1472 pacis,
715 1426 954 1473 praemoniti
980 1429 1100 1473 atque
1126 1425 1312 1474 requisiti
1345 1437 1486 1463 sumus
1514 1416 1760 1469 metantur

148 1498 168 1520 «
188 1497 259 1533 pro
285 1484 412 1531 vobis,
441 1479 778 1532 quemadmodum
804 1489 846 1521 et
870 1485 958 1532 ipse
983 1489 1120 1522 vestre
1146 1485 1263 1523 litere
1293 1484 1562 1532 continebant,
1587 1489 1637 1522 ut
1659 1478 1734 1526 ab
1732 1487 1760 1526 3

150 1559 172 1582 «
191 1545 297 1582 omni
316 1557 555 1592 guerrarum
572 1545 729 1582 insultu
745 1557 998 1582 cessaremus
1018 1549 1059 1582 et
1075 1557 1164 1592 usu,
1186 1550 1226 1582 et
1242 1558 1316 1583 nos
1334 1546 1444 1594 ipsos
1460 1545 1504 1582 in
1520 1549 1742 1594 paternas

149 1619 172 1641 «
190 1618 332 1642 manus
359 1609 519 1642 vestras
546 1604 799 1641 exiberemus
824 1605 866 1641 in
891 1610 1032 1653 totum,
1059 1618 1133 1643 nos
1159 1606 1231 1642 filii
1256 1605 1510 1643 devotissimi
1526 1605 1643 1644 vobis
1668 1597 1760 1649 et

145 1679 168 1699 <‹
187 1664 299 1712 pacis
326 1669 527 1700 amatores
554 1668 596 1700 et
613 1664 722 1710 iusti,
743 1664 854 1701 exuti
871 1665 952 1701 iam
970 1664 1130 1713 gladiis,
1149 1664 1314 1702 arbitrio
1331 1668 1470 1702 vestro
1488 1663 1760 1713 spontaneam

147 1738 168 1760 ‹
189 1729 230 1761 et
257 1725 412 1761 sincera
431 1725 638 1762 voluntate
659 1726 852 1773 subimus,
872 1738 947 1762 ceu
964 1726 1096 1767 relatu
1113 1726 1261 1774 prefati
1279 1726 1407 1763 vestri
1423 1725 1556 1763 nuntii
1573 1723 1760 1779 fratris-[jz

120 1809 123 1812 »
147 1798 167 1820 α
189 1786 233 1822 L.
258 1785 477 1832 narabitur,
506 1790 548 1822 et
572 1798 644 1833 per
668 1786 829 1833 publica
854 1787 1126 1823 instrumenta
1153 1786 1413 1834 solempniter
1438 1787 1643 1824 celebrata
1670 1781 1760 1839 lis-I}

145 1857 168 1880 «
188 1845 339 1893 quebit.
560 1866 566 1869 -
1736 1838 1760 1916 Ξ

219 1919 240 1941 «
259 1905 413 1942 Idcirco
438 1906 582 1953 pietati
607 1906 918 1943 clementissime
945 1911 1080 1943 vestre
1107 1906 1220 1944 filiali
1250 1919 1348 1943 voce
1372 1891 1760 1959 affectuosissime
1740 1920 1760 1956 Γ

149 1979 169 2001 (ι
188 1967 473 2014 supplicamus,
505 1971 703 2015 quatenus
742 1967 853 2003 illam
890 1967 960 2003 diu
997 1967 1246 2015 exagitatam
1289 1967 1534 2004 Florentiam
1569 1978 1712 2016 sopore

147 2040 168 2063 <4
189 2027 497 2075 tranquillitatis
525 2031 565 2063 et
592 2027 703 2074 pacis
728 2027 899 2074 irrigare
929 2027 1084 2073 velitis;
1122 2027 1292 2075 eiusque
1327 2039 1483 2076 semper
1517 2027 1760 2076 ΡορπΙῐιῐπΤῗ
1744 2019 1760 2039 “³

149 2100 170 2122 ‹<
189 2087 450 2125 defensantes
476 2100 550 2124 nos
578 2091 618 2123 et
645 2087 714 2135 qui
738 2087 866 2124 nostri
894 2092 990 2124 sunt
1015 2087 1126 2133 iuris,
1161 2091 1209 2123 ut
1238 2087 1329 2135 pius
1364 2091 1488 2136 pater,
1519 2099 1719 2126 commen-
1755 2119 1760 2126 ,

146 2160 169 2183 «
189 2148 306 2184 datos
334 2148 508 2184 habeie:
535 2147 604 2195 qui
630 2148 746 2185 velut
772 2161 795 2184 a
821 2148 951 2194 patrie
979 2147 1148 2184 caritate
1165 2159 1372 2195 nunquam
1389 2140 1633 2194 destitimus,
1653 2144 1739 2190 sic

149 2222 170 2244 ‹<
190 2208 253 2244 de·
264 2213 569 2256 prmaeceptmum
595 2213 823 2245 vestrorum
850 2208 1044 2245 limitibus
1070 2220 1288 2256 numquam
1325 2207 1552 2245 exorbitare
1587 2206 1712 2245 iuben
1745 2186 1760 2253 ”;

147 2281 169 2302 «
190 2268 345 2314 dimus;
375 2269 446 2305 sed
472 2281 630 2316 semper
656 2274 740 2305 tam
761 2269 899 2305 debite
919 2281 1039 2316 quam
1057 2268 1202 2304 devote
1222 2268 1540 2316 quibuscumque
1556 2263 1734 2305 vestris
1720 2303 1760 2329 A

150 2341 170 2363 «
190 2329 349 2365 obedire
368 2328 567 2365 mandatis
583 2342 615 2364 ».
642 2328 795 2372 Questa
813 2329 852 2364 la
870 2329 1045 2376 risposta
1062 2328 1217 2365 inviata
1233 2327 1301 2364 dai
1318 2326 1532 2364 fuorusciti
1551 2326 1716 2365 bianchi

148 2400 170 2425 e
207 2388 418 2436 ghibellini
454 2389 493 2425 al
529 2388 731 2425 cardinale
767 2388 818 2424 da
853 2389 987 2424 Prato.
1022 2388 1113 2432 Ora,
1140 2388 1340 2435 chiunque
1367 2386 1485 2424 abbia
1510 2379 1611 2426 letto
1636 2396 1739 2425 con

150 2449 319 2494 qualche
347 2449 585 2495 attenzione,
612 2449 702 2485 dica
727 2461 824 2497 pure
852 2461 925 2485 con
950 2460 1024 2495 me,
1052 2449 1125 2484 che
1151 2447 1190 2484 in
1223 2451 1365 2495 questo
1396 2446 1512 2484 modo
1542 2458 1621 2484 non
1650 2458 1760 2495 lio-1¹3

1731 2362 1760 2456 3

149 2512 297 2545 tevano
324 2509 503 2545 sciivere
530 2509 543 2545 i
569 2508 785 2546 fuorusciti
803 2509 842 2545 al
860 2508 1073 2554 cardinale,
1093 2507 1263 2555 quando,
1282 2506 1414 2544 fallite,
1431 2507 1470 2543 la
1494 2519 1568 2544 sua
1592 2515 1760 2558 opor&
1731 2482 1760 2529 ὲ

223 2667 244 2701 l)
266 2668 366 2694 subito
386 2670 505 2694 mentes
531 2670 653 2694 nostrae
679 2668 781 2694 subito
809 2669 898 2693 tanta
980 2665 1019 2699 m)
1039 2664 1102 2691 coni
1121 2666 1207 2692 vuele
1226 2665 1252 2691 il
1265 2664 1342 2697 cod„
1371 2672 1386 2690 ο
1405 2666 1454 2691 ata
1473 2664 1562 2696 bm5
1583 2664 1612 2691 lo
1629 2662 1668 2691 ad

148 2716 252 2742 Ιιαηηο
273 2725 330 2749 pro
411 2717 442 2750 11)
463 2710 558 2750 pollii
588 2717 675 2749 quasi
695 2717 825 2750 polluxit
898 2715 928 2750 ο)
949 2707 1021 2742 ιιι-Τ
1078 2715 1110 2750 p)
1128 2721 1186 2741 ura
1151 2707 1326 2740 —rubeat
1397 2712 1427 2748 q)
1446 2713 1540 2746 quipe
1610 2711 1641 2747 r)

150 2764 201 2790 tiit
282 2765 307 2798 ε)
335 2765 473 2790 ciuilium
490 2783 496 2797 ,
518 2767 644 2797 “punto
666 2765 775 2797 quindt'
795 2765 820 2791 il
838 2765 861 2791 li
