1760 2892
56 734 58 736 ν
98 717 110 740 ²
131 718 159 746 11
178 719 327 745 Petrarca
346 718 397 744 nel
417 717 496 744 libro
516 717 532 742 1
554 717 792 743 Invaectivarum:

16 759 138 802 ffefssed‘
152 760 366 793 expergiscere
386 760 412 786 si
441 762 538 792 potes,
565 759 794 792 lippientesquo

18 797 23 800 ’
50 801 147 829 ⁴ulmi
165 802 270 835 aperi5
290 801 410 828 videbis
429 802 541 828 Poetas
555 807 654 834 raros,
669 801 794 833 quidem

18 861 22 869 .
22 844 155 874 mura
173 850 279 870 rerum
292 843 484 876 disponente,
503 845 535 868 ut
552 849 624 868 rara
638 842 794 875 quaelibet

15 876 54 928 [J
52 890 116 912 ltu
135 878 228 912 simul
241 886 272 911 et
291 885 375 910 clara
395 885 473 917 sint,
494 883 615 910 videbis
630 891 681 910 eos
696 884 794 916 gloria

20 927 27 934 ”
60 929 82 960 ,tj
91 927 218 955 nemine
231 929 261 954 et
274 927 508 953 immortalitate
521 926 686 959 fulgentes,
702 933 794 958 quam

65 975 107 999 ὀιι
120 969 179 996 sibi
189 970 311 996 tantum
324 968 379 995 sed
391 971 422 995 et
432 968 503 994 aliis
515 974 674 1001 peperere,
683 970 717 993 ut
728 967 794 999 qui-

38 1006 100 1044 sta·
117 1012 191 1038 ante
210 1010 291 1042 aliis,
312 1010 459 1044 perituris
479 1010 640 1036 consulere
662 1009 792 1035 nomini-

62 1043 99 1079 ἰ
117 1052 224 1079 datum
243 1054 300 1086 est,
321 1054 352 1079 et
371 1059 500 1084 quorum
520 1051 709 1078 adminiculo
724 1052 792 1084 ipsa

65 1146 88 1155 ⁷·
114 1135 147 1162 in
167 1142 204 1162 eo
223 1135 305 1168 quod
324 1135 418 1161 habet
446 1142 515 1161 cum
542 1135 629 1160 vitiis
660 1137 690 1160 et
717 1134 793 1160 obli-

59 1208 64 1210 ,
82 1183 134 1203 ’κιο
152 1178 344 1203 certamen...
357 1185 369 1201 ιι
394 1175 516 1210 (Opera,
538 1177 617 1203 ediz.
638 1176 703 1209 cit„
723 1182 793 1208 pag.

55 1218 71 1239 ³<
87 1235 89 1237 -
103 1217 126 1252 ἲ)
127 1217 196 1244 m
206 1218 326 1244 oramai
338 1220 449 1250 questa.
462 1217 563 1244 verita
576 1225 630 1244 era
644 1216 708 1244 cosi
727 1225 794 1244 sen·

68 1261 101 1297 ga
113 1259 154 1287 da
170 1266 292 1292 ognuno
305 1259 361 1285 che
375 1260 402 1285 si
417 1260 537 1286 levasso
550 1267 605 1292 per
620 1260 794 1286 ambizione

9 1329 11 1331 ,
38 1300 123 1328 'ulia
140 1301 232 1327 turba
251 1301 302 1327 dei
321 1301 480 1334 mediocri,
501 1302 558 1327 cite
577 1309 632 1334 per
659 1301 705 1327 οἱὸ
729 1301 794 1327 solo

12 1353 14 1356 ·
30 1342 87 1369 da
105 1331 191 1381 mchti
210 1341 262 1375 gia
281 1342 307 1368 si
328 1349 457 1369 cercava
476 1343 507 1368 di
531 1343 646 1375 legarsi
673 1350 731 1368 con
750 1341 794 1369 sa·

15 1394 18 1395 ’
22 1385 112 1411 *veri
130 1384 258 1410 l'animo
279 1384 311 1410 di
330 1385 380 1410 chi
406 1391 463 1410 cen
492 1385 523 1411 la
550 1392 654 1418 penna
682 1387 794 1416 poteva

34 1426 100 1460 dar
118 1425 202 1452 fama
221 1432 284 1451 non
312 1426 460 1459 peritura.
490 1424 560 1452 Cosi
586 1426 793 1458 i'Aceiaiuoli,

5 1470 14 1486 ἓ
26 1468 186 1494 ἐᾚοῑθνοῙθ
206 1469 342 1500 esempio
362 1468 390 1494 d'
399 1475 490 1494 uomo
503 1475 604 1494 nuovo
618 1467 750 1494 levatosi
760 1467 794 1494 in

18 1531 19 1536 ,
33 1512 175 1548 <putenm
188 1515 205 1535 e
219 1509 253 1534 in
272 1509 431 1536 ricchezza
443 1509 474 1535 ai
488 1510 597 1535 sommi
611 1510 710 1543 oneri,
731 1516 794 1535 non

18 1543 145 1596 {stava
163 1555 308 1579 contento
328 1553 367 1579 ad
386 1552 513 1578 affidare
533 1552 555 1578 il
575 1551 698 1577 ricorde
718 1550 749 1576 di
763 1549 796 1576 se

19 1604 21 1606 ·
36 1582 104 1623 isse
118 1601 205 1621 mura
215 1594 252 1620 ed
264 1595 294 1620 ai
307 1594 416 1620 marini
428 1594 509 1620 della
521 1593 658 1626 Oertosa,
670 1599 720 1618 ma
730 1594 794 1618 ten-

34 1663 38 1668 ,
77 1635 116 1664 'va
135 1636 166 1662 di
186 1636 369 1662 assicurarsi
385 1636 415 1662 la
430 1642 532 1668 penna
553 1635 600 1660 del
615 1634 794 1666 Boccaccio‚

18 1670 40 1685 ’“
34 1675 177 1715 §ebbone
195 1677 406 1710 inutilmente;
429 1684 445 1703 e
465 1678 495 1703 al
515 1677 664 1703 Petrarca
684 1676 797 1702 scrive-

20 1718 21 1721 ’
38 1726 93 1762 va,
113 1719 137 1746 il
153 1720 190 1746 18
209 1726 313 1746 marzo
334 1719 414 1752 1362,
437 1719 476 1745 da
489 1718 637 1751 Messina,
653 1717 797 1744 chieden-

32 1753 126 1795 ’815811
144 1761 174 1787 lo
188 1762 306 1787 facesse
321 1761 420 1793 degne
434 1760 465 1786 di
480 1767 534 1786 sue
547 1761 669 1792 lettere,
696 1768 708 1784 ιι
722 1759 797 1792 quia

16 1819 23 1825 κ
37 1803 77 1830 ‘et
93 1800 240 1829 confiteor
261 1805 291 1829 et
317 1803 408 1828 credo
436 1802 517 1834 quod
547 1801 696 1836 epistolae
724 1802 796 1827 tuae

16 1847 18 1849 ’
23 1835 119 1882 {mihi
138 1846 262 1879 missae,
283 1848 312 1872 et
334 1846 428 1871 etiam
446 1847 481 1871 ut
502 1853 592 1879 spero
612 1844 792 1878 mittendae,

23 1882 155 1916 momen
184 1895 285 1913 meum
316 1888 397 1920 apud
426 1889 565 1920 posteros
590 1887 707 1913 facient
732 1893 796 1912 non

23 1928 145 1967 {nunus
164 1929 328 1962 celebrari,
351 1936 442 1960 quam
461 1929 646 1961 quicumque
660 1929 715 1954 alii
726 1934 795 1961 pro-

26 1972 70 2005 4
111 1978 146 1999 us
166 1971 249 1998 mei..
242 1989 261 1997 ..
277 1980 304 1998 ιι.
326 1972 428 1996 Dante
443 1970 474 1996 di
488 1972 595 2003 questo
607 1970 794 1997 sentimentc

55 2019 63 2034 ³
88 2012 122 2040 fa
134 2020 198 2041 una
208 2013 279 2039 leva
292 2013 343 2039 nel
358 2019 412 2038 suc
426 2012 549 2045 viaggio
566 2019 621 2045 per
638 2012 794 2038 l'Inferno

73 2061 130 2091 per
141 2054 165 2080 il
183 2055 383 2087 Purgatorio:
406 2054 544 2080 sull'orlo
565 2053 614 2080 del
633 2060 727 2087 pozzo
745 2054 796 2080 dei

61 2112 67 2120 .
82 2096 172 2130 anti,
204 2097 255 2122 nel
287 2096 400 2122 meiato
423 2096 604 2122 discorsetto
630 2095 671 2122 ad
696 2095 795 2122 Anteo

84 2167 86 2170 ,
101 2137 173 2170 gilio
188 2145 250 2164 non
262 2138 396 2173 imffliega
408 2137 480 2163 altri
493 2137 666 2169 argomenti
680 2144 736 2170 per
750 2137 796 2163 in-

57 2205 78 2211 ,
104 2176 134 2206 lo
154 2187 173 2206 a
192 2182 315 2212 prestar
335 2180 401 2204 loro
422 2179 444 2204 il
464 2186 518 2204 suo
539 2179 643 2205 aiuto:

47 2246 57 2251 a
120 2229 132 2245 ι
145 2234 164 2240 -
181 2220 249 2248 Non
269 2221 298 2246 ci
317 2220 365 2246 far
386 2219 432 2246 ire
452 2227 471 2246 a
491 2219 578 2245 'l'izio
592 2218 631 2245 ne
645 2227 663 2245 a
677 2219 766 2253 Tifo3

47 2260 180 2295 ·‘.·questi
200 2261 260 2295 pub
282 2262 338 2287 dar
358 2261 389 2286 di
409 2261 480 2293 quel
494 2261 550 2286 che
561 2260 614 2293 qui
629 2260 655 2286 si
668 2259 793 2287 bra'ma:

59 2297 155 2345 ,Ρὸιὸ
174 2303 200 2329 ti
219 2303 322 2335 china,
343 2310 360 2328 e
381 2309 442 2328 non
463 2303 565 2328 torcer
586 2302 615 2328 lo
637 2302 727 2334 grifo.

44 2327 66 2384 f*
116 2345 220 2371 Ancor
240 2345 264 2371 ti
283 2343 343 2378 pue
363 2344 414 2370 nel
434 2344 545 2370 mondo
565 2343 678 2370 render
692 2344 795 2377 fama,

56 2384 166 2413 ’,01ιίιί
185 2387 256 2412 vive
271 2403 376 2413 .....
391 2398 409 2404 -

39 2427 42 2429 ’
56 2442 59 2444 -
115 2425 188 2454 00ιί
207 2428 290 2453 disse
302 2427 325 2452 il
338 2428 490 2461 Maesti-05
506 2433 522 2452 e
538 2426 641 2460 quegli
654 2427 687 2452 in
704 2427 798 2453 fretta

53 2467 110 2496 le
129 2476 202 2496 man
221 2467 351 2495 distese
348 2485 453 2495 .....
466 2477 478 2493 ιι

26 2500 50 2517 ’·
76 2523 83 2526 >
384 2509 535 2544 (Insa-no,
557 2517 645 2543 xxx1,
666 2509 798 2544 lxi—31),

24 2528 63 2594 J
87 2551 133 2579 io
152 2551 223 2586 pote
246 2551 350 2584 quella
369 2552 503 2584 lusinga.
518 2552 544 2577 Ε
558 2551 669 2584 meglio
684 2558 798 2578 ancora

32 2588 171 2622 fficio
192 2594 242 2620 del
263 2595 366 2627 poeta,
386 2593 418 2619 di
438 2595 582 2619 eternare
601 2593 613 2619 i
637 2593 722 2619 nomi
748 2593 799 2618 dei

26 2631 181 2670 Qunam,
211 2636 227 2662 ὲ
252 2635 414 2662 affermato
446 2635 499 2661 nel
522 2637 613 2661 canto
642 2638 798 2669 seguente,

34 2686 73 2716 §.⁸
115 2677 123 2691 '
135 2677 272 2713 episodio
292 2678 324 2704 di
343 2678 461 2704 Bocca:

60 2715 83 2763 ss
121 2718 224 2746 nvivo
243 2726 299 2745 son
318 2719 360 2752 io,
381 2726 398 2746 e
418 2726 488 2745 caro
509 2726 593 2745 esser
612 2719 636 2745 ti
656 2721 749 2752 puote

58 2764 101 2779 ἰ-
117 2759 157 2786 fu·
169 2760 232 2788 mia
250 2761 385 2805 risposta
404 2775 431 2795 -‚
451 2768 484 2787 se
504 2761 650 2787 domandi
670 2761 764 2794 fama,

38 1094 137 1129 {tim
153 1093 252 1121 virtus
273 1096 353 1127 eget,
374 1101 436 1120 non
456 1093 598 1127 equidem
618 1093 651 1119 in
666 1100 699 1119 se
712 1093 791 1126 ipsa,
817 1124 820 1128 .

353 267 356 270 ,
391 217 740 275 *hugardamente
762 225 804 263 ai
824 225 920 265 miei
945 211 1078 265 scritti
1101 211 1160 263 un
1175 235 1231 263 re
1234 206 1408 275 illustre,
1422 204 1497 274 per
1512 218 1626 263 dare

254 282 308 338 ,di
330 288 469 323 contro
495 297 571 322 sua
596 283 742 332 voglio,
763 296 784 321 e
811 297 835 322 a
851 296 916 322 me
941 283 1171 333 acquistare
1195 283 1386 322 infamia?
1416 285 1465 322 Se
1491 288 1607 323 tanta

130 391 155 394 ,
166 372 170 378 ι
215 343 238 384 o
248 345 393 384 'avessi
404 349 534 384 avuto
552 345 593 382 di
617 344 853 382 innalzarmi
870 357 895 382 a
913 349 1056 394 questo
1073 344 1202 392 modo,
1219 344 1322 383 altre
1339 349 1520 393 operette
1539 357 1610 382 an-

159 406 204 450 io
225 417 354 446 avevo
379 404 422 442 di
444 405 535 451 mio,
553 415 730 441 nessuna
755 404 860 451 delle
887 404 996 452 quali
1021 416 1143 442 ancor
1164 404 1350 442 dedicata
1375 404 1427 441 ad
1451 405 1607 452 alcuno,

120 484 139 499 :-
156 469 269 505 tuato
286 465 317 502 il
333 477 465 503 carme
490 464 680 511 bucolico,
700 465 772 501 che
790 464 1034 501 richiestone
1052 464 1104 500 da
1120 463 1195 511 lui,
1213 463 1390 500 intitolai
1407 477 1430 500 a
1447 465 1608 501 Donato

30 525 385 578 penninigena,
410 537 529 562 uomo
554 524 597 561 di
626 536 802 561 nessuna
827 524 1040 571 ricchezza,
1067 537 1132 560 ma
1167 528 1329 568 onesta,
1356 536 1377 560 e
1403 522 1610 572 singulare

23 585 172 634 „sico
196 585 305 623 mio.²
329 586 363 622 E
388 585 452 622 del
477 589 598 632 resto,
625 585 646 621 ὲ
672 585 830 633 proprio
857 597 950 622 cosa
977 586 1012 622 si
1037 597 1181 632 nuova,
1211 585 1246 622 si
1265 588 1414 631 strana,
1433 585 1540 622 chei
1563 580 1608 622 re

1589 638 1596 658 ί

896 717 943 742 ch'
953 717 982 743 io
1003 719 1098 744 metta
1117 717 1139 743 il
1158 723 1250 743 nome
1261 719 1313 743 tuo
1328 718 1378 743 tra
1390 716 1494 756 l'altre
1506 719 1580 743 note
1593 725 1606 741 ιι

1217 758 1368 793 (Insa-no,
1395 765 1495 792 xxxn,
1514 757 1609 792 91-3).

912 801 966 828 Col
980 801 1084 827 florii-e
1095 801 1167 827 dell'
1175 801 1367 827 umanesimo
1378 807 1483 827 cresce
1492 807 1610 833 ognora

857 842 910 876 piu
929 843 992 869 tale
1011 843 1198 869 sentimento
1224 842 1277 868 nei
1302 842 1436 875 principi
1463 849 1480 868 e
1505 842 1536 868 la
1561 849 1609 868 cc-
1655 858 1659 859 ν

857 885 981 910 scienza
996 884 1045 910 del
1058 884 1164 910 valore
1179 884 1260 910 della
1275 883 1399 916 propria
1411 891 1514 917 penna
1523 883 1610 916 negu

857 925 1008 951 scrittori:
1031 932 1133 951 seems.
1153 925 1366 951 d'altrettanto
1388 926 1422 951 la
1440 925 1571 951 flerezza
1590 931 1608 952 e

855 968 888 993 la
904 966 1025 994 nobilta
1051 967 1101 993 del
1119 969 1274 993 carattere
1299 967 1382 999 negii
1409 967 1462 992 uni
1489 974 1506 993 e
1525 966 1611 999 nessli

856 1010 940 1036 altri.
962 1010 1030 1036 Uno
1045 1009 1095 1035 dei
1115 1008 1168 1042 piu
1188 1009 1318 1034 modesti
1337 1016 1354 1034 e
1374 1008 1427 1042 piu
1446 1009 1610 1035 utilmente

855 1051 978 1084 operosi
997 1053 1047 1077 tra
1067 1050 1162 1083 quelli
1182 1051 1330 1083 scrittori,
1345 1050 1453 1077 Flavio
1473 1050 1607 1084 Biondo,

854 1093 1010 1125 forlivese,
1040 1093 1172 1118 secondo
1198 1092 1302 1124 quella
1328 1093 1486 1118 coseienza
1513 1091 1612 1124 giudi-

855 1142 931 1161 cava
960 1135 1041 1160 della
1073 1135 1158 1160 fama
1185 1134 1216 1160 di
1247 1133 1430 1166 Cangrande
1459 1141 1476 1160 e
1505 1133 1537 1159 di
1565 1134 1612 1160 Re

856 1177 1004 1210 Roberto,
1031 1176 1115 1202 assai
1140 1176 1348 1208 giustamente
1379 1182 1435 1209 per
1464 1175 1611 1208 Robertc,

858 1220 973 1250 quanto
997 1218 1236 1244 inesattamente
1265 1225 1320 1251 per
1350 1216 1544 1250 Gangrande,
1572 1217 1613 1243 da

856 1260 911 1293 lui,
935 1259 1070 1285 sebbene
1096 1260 1220 1286 scrittor
1249 1259 1280 1285 di
1309 1259 1414 1291 storic,
1443 1258 1612 1285 malceno-

858 1302 966 1334 sciuto,
990 1308 1075 1326 come
1105 1301 1253 1327 dimostra
1278 1301 1301 1326 ii
1327 1307 1420 1332 grave
1446 1307 1553 1326 errore
1579 1299 1611 1326 di

858 1343 998 1369 metterlo
1018 1343 1050 1368 iu
1065 1343 1220 1368 relazione
1239 1343 1287 1368 col
1306 1343 1466 1374 petrarca,
1482 1342 1610 1368 confon-

858 1384 990 1410 dendolo
1014 1391 1072 1410 con
1098 1384 1231 1411 Mastino
1252 1391 1269 1410 e
1288 1391 1346 1410 con
1372 1383 1414 1416 gli
1439 1383 1513 1409 altri
1539 1383 1609 1410 Sca·

856 1426 957 1458 ligeri.
979 1425 1168 1459 Cornuaque,
1201 1426 1231 1452 ie
1262 1433 1316 1452 sue
1343 1425 1449 1458 parole
1477 1425 1610 1457 giovano

827 1493 829 1497 ,
857 1468 887 1494 al
918 1468 1092 1501 proposit03
1114 1475 1170 1494 son
1202 1467 1287 1494 nella
1314 1467 1411 1494 Italia
1436 1467 1610 1501 illustrata,

857 1517 914 1536 ove
940 1510 972 1535 di
1002 1509 1151 1536 «Verona
1171 1519 1198 1543 ιι,
1226 1509 1308 1535 nella
1336 1518 1348 1533 ιι
1368 1509 1508 1535 Mai-chia
1537 1508 1613 1535 Tar-

856 1552 959 1578 visina
979 1560 992 1576 ιι
1009 1558 1017 1578 =
1049 1561 1062 1576 ιι
1076 1569 1101 1578 ..
1115 1570 1142 1579 ..
1153 1551 1333 1585 primusque
1361 1551 1499 1577 omnium
1517 1550 1612 1577 Canis

857 1593 984 1626 grandis
1007 1593 1139 1625 scaliger
1162 1593 1275 1619 Dantis
1305 1592 1526 1624 Franciscique
1555 1592 1611 1618 Pe-

858 1635 1002 1661 trarchae
1022 1635 1161 1661 amicitia
1187 1635 1284 1668 magis
1305 1641 1397 1666 quam
1426 1641 1483 1660 sua
1505 1636 1612 1667 poten-

858 1678 903 1703 tia
916 1679 1007 1703 notus
1083 1685 1096 1702 ιι
1119 1676 1209 1711 (ediz.
1230 1676 1262 1702 di
1282 1676 1419 1709 Basilea,
1439 1676 1520 1708 1531,
1542 1683 1612 1709 pag.

858 1718 935 1752 3⁷⁷).
955 1719 982 1745 Ε
1005 1718 1058 1752 piu
1082 1718 1228 1744 innanzi:
1253 1727 1266 1743 ιι
1287 1718 1471 1744 Franciscus
1491 1724 1613 1750 quoque

857 1761 1030 1787 Petrarcha
1049 1760 1223 1828 prtestanti
1243 1760 1291 1786 vir
1304 1760 1430 1792 ingenio
1443 1766 1462 1785 a
1476 1759 1613 1786 Roberto

858 1809 930 1835 rege
956 1803 1086 1836 Neapoli
1102 1809 1161 1828 ano
1180 1802 1336 1835 gallicana
1357 1801 1486 1827 oriundo
1506 1808 1612 1833 proge-

857 1844 909 1870 nie
929 1846 1054 1877 rogatus
1073 1844 1234 1877 Neapolim
1248 1843 1296 1870 bis
1317 1850 1350 1868 se
1364 1842 1506 1875 contulit,
1527 1842 1614 1868 nulla

858 1886 982 1919 quidem
1013 1886 1140 1912 maioris
1169 1886 1248 1912 lucri
1277 1892 1331 1918 spe
1362 1891 1490 1916 suasus,
1521 1891 1615 1917 quam
1654 1895 1667 1906 ο

856 1930 891 1954 ut
915 1928 1031 1961 optimo
1057 1930 1150 1960 atque
1176 1926 1401 1954 humanissimo
1423 1926 1489 1958 regi
1509 1926 1615 1952 doctos

857 1971 888 1996 et
915 1970 1070 1996 virtuosos
1096 1969 1180 1995 viros
1207 1969 1298 1994 unice
1321 1967 1440 1994 amanti
1459 1966 1615 1999 gratifica-

856 2014 952 2046 retur,
974 2019 1105 2045 eamque
1128 2013 1194 2038 vim
1222 2012 1332 2038 habuit
1358 2011 1440 2038 inita
1468 2011 1552 2037 inter
1571 2011 1617 2038 di-

857 2054 952 2080 vitem
982 2061 1085 2086 regem
1111 2056 1141 2080 et
1167 2055 1290 2080 doctum
1316 2054 1532 2086 integrumque
1561 2053 1615 2079 sed

858 2103 963 2122 rerum
994 2096 1119 2129 inopem
1153 2096 1255 2122 virum
1267 2114 1275 2129 ,
1308 2098 1339 2122 et
1369 2098 1475 2121 tamen
1511 2095 1614 2122 animo

860 2139 891 2164 et
909 2138 1026 2164 virtute
1047 2137 1176 2164 divitem
1195 2140 1328 2171 poetam,
1351 2139 1385 2163 ut
1407 2144 1463 2170 per
1488 2137 1613 2163 unicam

862 2179 1012 2205 eiusmodi
1032 2179 1200 2205 amicitiam
1215 2181 1417 2206 conservatus
1430 2185 1512 2204 nunc
1526 2179 1615 2206 vivat

862 2228 918 2246 rex
937 2220 1102 2247 Robertus.
1122 2221 1212 2254 Nam,
1233 2221 1314 2253 quod
1333 2219 1475 2246 omnibus
1489 2219 1521 2245 in
1542 2227 1614 2251 quo-

863 2269 932 2288 rum
942 2269 1052 2288 manus
1065 2262 1141 2288 haec
1154 2263 1281 2288 venient
1294 2262 1429 2288 faciliter
1439 2261 1613 2293 ostendere,

862 2311 898 2330 ac
906 2303 1008 2336 quoad
1018 2304 1186 2330 vixerimus
1195 2304 1327 2337 probare
1335 2302 1515 2336 poterimus,
1525 2305 1614 2328 extra

861 2345 970 2372 urbem
993 2345 1232 2378 Neapolitanam
1264 2344 1443 2378 paucissimi
1471 2350 1507 2370 ac
1535 2350 1615 2376 pene

861 2387 938 2414 nulii
951 2389 1024 2414 sunt
1037 2387 1098 2412 viri
1110 2387 1309 2419 quantumvis
1324 2386 1416 2417 docti,
1431 2386 1484 2418 qui
1498 2385 1614 2411 Robor-

860 2431 910 2455 tus
923 2435 980 2454 rex
992 2429 1061 2461 quis
1075 2430 1105 2454 et
1125 2429 1207 2454 unde
1220 2430 1274 2454 aut
1288 2435 1348 2460 quo
1369 2429 1507 2460 tempore
1520 2427 1616 2452 fuerit

861 2471 924 2497 alia
945 2470 1088 2496 noverint
1108 2470 1231 2496 ratione
1250 2469 1300 2496 vel
1320 2476 1413 2495 causa
1427 2475 1520 2500 quam
1534 2468 1615 2501 quod

860 2512 973 2538 eumin
986 2511 1166 2538 amicissimi
1177 2511 1337 2537 Francisci
1345 2510 1533 2536 Petrarchae
1545 2517 1615 2543 ope-

861 2554 946 2580 ribus
966 2553 1032 2579 sive
1050 2553 1158 2579 latinis
1185 2553 1250 2578 sive
1276 2552 1456 2585 vulgaribus
1482 2551 1615 2584 legendo

861 2596 1106 2627 recognoverunt
1119 2603 1132 2619 ιι
1154 2594 1214 2628 (op.
1235 2587 1293 2620 cit:³
1306 2603 1319 2618 ιι
1333 2592 1520 2631 Campania;
1536 2593 1614 2620 Nea-

861 2636 940 2670 polis
953 2645 965 2661 ιι
979 2643 986 2670 ;
1000 2636 1077 2662 ediz.
1098 2636 1162 2669 cit„
1183 2642 1254 2668 pag.
1273 2634 1351 2669 416).

915 2677 931 2699 2
952 2677 1074 2703 Donato
1094 2677 1125 2703 di
1149 2677 1288 2703 Lorenzo
1318 2675 1400 2709 degli
1427 2675 1614 2709 Albanzani,

862 2721 935 2746 nato
956 2719 989 2746 in
1008 2718 1230 2745 Pratovecchic
1244 2718 1295 2744 nel
1310 2711 1477 2744 Canentino
1495 2717 1579 2744 circa
1592 2718 1615 2743 il

863 2761 945 2794 1330,
966 2760 1048 2787 visse
1069 2767 1088 2786 a
1106 2760 1199 2793 lungo
1226 2760 1259 2786 in
1278 2759 1425 2793 venezia,
1449 2759 1617 2792 insegnan-
