<?xml version="1.0" encoding="UTF-8"?>
<!DOCTYPE html PUBLIC "-//W3C//DTD XHTML 1.0 Transitional//EN"
    "http://www.w3.org/TR/xhtml1/DTD/xhtml1-transitional.dtd">
<html xmlns="http://www.w3.org/1999/xhtml" xml:lang="en" lang="en">
 <head>
  <title>
</title>
<meta http-equiv="Content-Type" content="text/html;charset=utf-8" />
  <meta name='ocr-system' content='tesseract 3.04.00' />
  <meta name='ocr-capabilities' content='ocr_page ocr_carea ocr_par ocr_line ocrx_word'/>
</head>
<body>
  <div class='ocr_page' id='page_1' title='image "./danteefirenzepro00dantuoft/danteefirenzepro00dantuoft_0247.png"; bbox 0 0 1760 2892; ppageno 0'>
   <div class='ocr_carea' id='block_1_1' title="bbox 0 0 1760 279">
    <p class='ocr_par' dir='ltr' id='par_1_1' title="bbox 0 0 1760 279">
     <span class='ocr_line' id='line_1_1' title="bbox 0 0 1760 279; baseline 0 0"><span class='ocrx_word' id='word_1_1' title='bbox 0 0 1760 279; x_wconf 95' lang='lat' dir='ltr'><strong>   </strong></span> 
     </span>
    </p>
   </div>
   <div class='ocr_carea' id='block_1_2' title="bbox 0 338 333 398">
    <p class='ocr_par' dir='ltr' id='par_1_2' title="bbox 0 338 333 398">
     <span class='ocr_line' id='line_1_2' title="bbox 0 338 333 398; baseline 0 -41"><span class='ocrx_word' id='word_1_2' title='bbox 0 338 333 398; x_wconf 95' lang='lat' dir='ltr'><strong>  </strong></span> 
     </span>
    </p>
   </div>
   <div class='ocr_carea' id='block_1_3' title="bbox 114 340 229 355">
    <p class='ocr_par' dir='ltr' id='par_1_3' title="bbox 114 340 229 355">
     <span class='ocr_line' id='line_1_3' title="bbox 114 340 229 355; baseline 0 0"><span class='ocrx_word' id='word_1_3' title='bbox 114 340 229 355; x_wconf 61' lang='grc' dir='ltr'><strong>θ’...</strong></span> 
     </span>
    </p>
   </div>
   <div class='ocr_carea' id='block_1_4' title="bbox 0 398 169 1255">
    <p class='ocr_par' dir='ltr' id='par_1_4' title="bbox 0 398 169 1255">
     <span class='ocr_line' id='line_1_4' title="bbox 0 398 169 457; baseline 0 0"><span class='ocrx_word' id='word_1_4' title='bbox 0 398 169 457; x_wconf 95' lang='lat' dir='ltr'><strong>  </strong></span> 
     </span>
     <span class='ocr_line' id='line_1_5' title="bbox 0 457 115 508; baseline 0 -44"><span class='ocrx_word' id='word_1_5' title='bbox 0 457 115 508; x_wconf 95' lang='lat' dir='ltr'><strong>  </strong></span> 
     </span>
     <span class='ocr_line' id='line_1_6' title="bbox 0 508 66 715; baseline 0.061 -126"><span class='ocrx_word' id='word_1_6' title='bbox 0 508 66 715; x_wconf 95' lang='lat' dir='ltr'><strong>     </strong></span> 
     </span>
     <span class='ocr_line' id='line_1_7' title="bbox 0 715 46 819; baseline 0 -63"><span class='ocrx_word' id='word_1_7' title='bbox 0 715 46 819; x_wconf 95' lang='lat' dir='ltr'><strong>  </strong></span> 
     </span>
     <span class='ocr_line' id='line_1_8' title="bbox 0 819 136 957; baseline 0 -19"><span class='ocrx_word' id='word_1_8' title='bbox 0 819 136 957; x_wconf 95' lang='lat' dir='ltr'><strong>   </strong></span> 
     </span>
     <span class='ocr_line' id='line_1_9' title="bbox 0 957 44 1048; baseline 0 0"><span class='ocrx_word' id='word_1_9' title='bbox 0 957 44 1048; x_wconf 95' lang='lat' dir='ltr'><strong>  </strong></span> 
     </span>
     <span class='ocr_line' id='line_1_10' title="bbox 0 1048 54 1149; baseline 0 0"><span class='ocrx_word' id='word_1_10' title='bbox 0 1048 54 1149; x_wconf 95' lang='lat' dir='ltr'><strong>     </strong></span> 
     </span>
     <span class='ocr_line' id='line_1_11' title="bbox 0 1149 140 1255; baseline 0 -82"><span class='ocrx_word' id='word_1_11' title='bbox 0 1149 140 1255; x_wconf 95' lang='lat' dir='ltr'><strong>    </strong></span> 
     </span>
    </p>
   </div>
   <div class='ocr_carea' id='block_1_5' title="bbox 0 907 814 2784">
    <p class='ocr_par' dir='ltr' id='par_1_5' title="bbox 0 907 814 2784">
     <span class='ocr_line' id='line_1_12' title="bbox 24 907 802 950; baseline -0.001 -11"><span class='ocrx_word' id='word_1_12' title='bbox 24 947 27 950; x_wconf 16' lang='lat' dir='ltr'>y</span> <span class='ocrx_word' id='word_1_13' title='bbox 69 907 70 910; x_wconf 77' lang='grc'>’</span> <span class='ocrx_word' id='word_1_14' title='bbox 107 907 120 934; x_wconf 72' lang='grc' dir='ltr'>ἰ</span> <span class='ocrx_word' id='word_1_15' title='bbox 142 913 418 942; x_wconf 73' lang='lat' dir='ltr'><strong>N01P0zicratieus</strong></span> <span class='ocrx_word' id='word_1_16' title='bbox 438 913 470 938; x_wconf 86' lang='lat' dir='ltr'><strong>di</strong></span> <span class='ocrx_word' id='word_1_17' title='bbox 492 912 647 939; x_wconf 76' lang='lat' dir='ltr'><strong>Giovanni</strong></span> <span class='ocrx_word' id='word_1_18' title='bbox 663 912 802 939; x_wconf 71' lang='grc'>8188118-</span> 
     </span>
     <span class='ocr_line' id='line_1_13' title="bbox 31 955 802 989; baseline -0.003 -7.041"><span class='ocrx_word' id='word_1_19' title='bbox 31 955 33 958; x_wconf 88' lang='grc'><strong>’</strong></span> <span class='ocrx_word' id='word_1_20' title='bbox 54 955 146 989; x_wconf 82' lang='lat' dir='ltr'><strong>bury,</strong></span> <span class='ocrx_word' id='word_1_21' title='bbox 164 955 240 982; x_wconf 85' lang='lat' dir='ltr'><strong>letto</strong></span> <span class='ocrx_word' id='word_1_22' title='bbox 261 955 300 981; x_wconf 88' lang='lat' dir='ltr'><strong>da</strong></span> <span class='ocrx_word' id='word_1_23' title='bbox 320 955 433 988; x_wconf 88' lang='lat' dir='ltr'><strong>Dante,</strong></span> <span class='ocrx_word' id='word_1_24' title='bbox 453 955 470 981; x_wconf 77' lang='grc'><strong>8</strong></span> <span class='ocrx_word' id='word_1_25' title='bbox 492 962 533 981; x_wconf 91' lang='lat' dir='ltr'><strong>un</strong></span> <span class='ocrx_word' id='word_1_26' title='bbox 550 955 644 987; x_wconf 83' lang='lat' dir='ltr'><strong>lungo</strong></span> <span class='ocrx_word' id='word_1_27' title='bbox 658 962 674 981; x_wconf 91' lang='lat' dir='ltr'><strong>e</strong></span> <span class='ocrx_word' id='word_1_28' title='bbox 693 955 802 981; x_wconf 78' lang='lat' dir='ltr'><strong>vivaco</strong></span> 
     </span>
     <span class='ocr_line' id='line_1_14' title="bbox 11 997 803 1074; baseline -0.009 -45"><span class='ocrx_word' id='word_1_29' title='bbox 11 998 39 1045; x_wconf 29' lang='lat' dir='ltr'><strong>q,</strong></span> <span class='ocrx_word' id='word_1_30' title='bbox 52 997 190 1072; x_wconf 48' lang='lat' dir='ltr'><strong>„taigtltgo</strong></span> <span class='ocrx_word' id='word_1_31' title='bbox 207 997 577 1074; x_wconf 54' lang='lat' dir='ltr'><strong>{unteryamentetdedicato</strong></span> <span class='ocrx_word' id='word_1_32' title='bbox 597 997 803 1064; x_wconf 51' lang='lat' dir='ltr'><strong>agliipocrliti</strong></span> 
     </span>
     <span class='ocr_line' id='line_1_15' title="bbox 35 1046 804 1072; baseline -0.003 -6"><span class='ocrx_word' id='word_1_33' title='bbox 35 1046 72 1069; x_wconf 68' lang='grc' dir='ltr'><strong>ςι·</strong></span> <span class='ocrx_word' id='word_1_34' title='bbox 166 1046 192 1065; x_wconf 86' lang='grc'><strong>8.</strong></span> <span class='ocrx_word' id='word_1_35' title='bbox 254 1047 268 1064; x_wconf 80' lang='lat' dir='ltr'><strong>s</strong></span> <span class='ocrx_word' id='word_1_36' title='bbox 307 1047 411 1072; x_wconf 76' lang='lat' dir='ltr'><strong>ypocrz</strong></span> <span class='ocrx_word' id='word_1_37' title='bbox 426 1047 463 1072; x_wconf 65' lang='grc' dir='ltr'><strong>τε,</strong></span> <span class='ocrx_word' id='word_1_38' title='bbox 495 1047 547 1071; x_wconf 74' lang='lat' dir='ltr'><strong>qus</strong></span> <span class='ocrx_word' id='word_1_39' title='bbox 566 1046 612 1065; x_wconf 85' lang='lat' dir='ltr'><strong>am</strong></span> <span class='ocrx_word' id='word_1_40' title='bbox 633 1046 645 1064; x_wconf 77' lang='grc' dir='ltr'><strong><em>ι</em></strong></span> <span class='ocrx_word' id='word_1_41' title='bbox 660 1046 740 1064; x_wconf 72' lang='grc' dir='ltr'><strong>ιοπω</strong></span> <span class='ocrx_word' id='word_1_42' title='bbox 772 1046 804 1064; x_wconf 88' lang='lat' dir='ltr'><strong>a·</strong></span> 
     </span>
     <span class='ocr_line' id='line_1_16' title="bbox 5 1080 804 1115; baseline 0 -9"><span class='ocrx_word' id='word_1_43' title='bbox 5 1080 128 1115; x_wconf 40' lang='lat' dir='ltr'><strong>swam,</strong></span> <span class='ocrx_word' id='word_1_44' title='bbox 144 1081 233 1114; x_wconf 77' lang='lat' dir='ltr'><strong>salsa</strong></span> <span class='ocrx_word' id='word_1_45' title='bbox 252 1081 412 1114; x_wconf 73' lang='lat' dir='ltr'><strong>rcliqs‘onis</strong></span> <span class='ocrx_word' id='word_1_46' title='bbox 437 1081 569 1114; x_wconf 74' lang='lat' dir='ltr'><strong>imays&#39;nc</strong></span> <span class='ocrx_word' id='word_1_47' title='bbox 596 1080 738 1106; x_wconf 79' lang='lat' dir='ltr'><strong>nituntur</strong></span> <span class='ocrx_word' id='word_1_48' title='bbox 758 1087 804 1106; x_wconf 83' lang='lat' dir='ltr'><strong>oc-</strong></span> 
     </span>
     <span class='ocr_line' id='line_1_17' title="bbox 16 1118 803 1156; baseline -0.001 -8"><span class='ocrx_word' id='word_1_49' title='bbox 16 1118 184 1156; x_wconf 47' lang='lat' dir='ltr'><strong>rf-fleauare,</strong></span> <span class='ocrx_word' id='word_1_50' title='bbox 204 1129 271 1155; x_wconf 84' lang='lat' dir='ltr'><strong>cap.</strong></span> <span class='ocrx_word' id='word_1_51' title='bbox 291 1123 325 1149; x_wconf 84' lang='lat'><strong>21</strong></span> <span class='ocrx_word' id='word_1_52' title='bbox 347 1123 396 1149; x_wconf 87' lang='lat' dir='ltr'><strong>del</strong></span> <span class='ocrx_word' id='word_1_53' title='bbox 414 1123 495 1149; x_wconf 87' lang='lat' dir='ltr'><strong>libro</strong></span> <span class='ocrx_word' id='word_1_54' title='bbox 508 1121 591 1156; x_wconf 88' lang='lat' dir='ltr'><strong>VII),</strong></span> <span class='ocrx_word' id='word_1_55' title='bbox 612 1122 667 1148; x_wconf 90' lang='lat' dir='ltr'><strong>che</strong></span> <span class='ocrx_word' id='word_1_56' title='bbox 687 1122 709 1148; x_wconf 91' lang='lat' dir='ltr'><strong>il</strong></span> <span class='ocrx_word' id='word_1_57' title='bbox 728 1122 803 1148; x_wconf 84' lang='lat' dir='ltr'><strong>Boc-</strong></span> 
     </span>
     <span class='ocr_line' id='line_1_18' title="bbox 54 1163 803 1192; baseline -0.003 -1"><span class='ocrx_word' id='word_1_58' title='bbox 54 1163 158 1192; x_wconf 70' lang='grc'>888810</span> <span class='ocrx_word' id='word_1_59' title='bbox 172 1164 249 1191; x_wconf 88' lang='lat' dir='ltr'><strong>ebbe</strong></span> <span class='ocrx_word' id='word_1_60' title='bbox 262 1167 348 1191; x_wconf 85' lang='lat' dir='ltr'><strong>certo</strong></span> <span class='ocrx_word' id='word_1_61' title='bbox 362 1166 433 1191; x_wconf 86' lang='lat' dir='ltr'><strong>sott&#39;</strong></span> <span class='ocrx_word' id='word_1_62' title='bbox 443 1165 566 1191; x_wconf 86' lang='lat' dir='ltr'><strong>occhio:</strong></span> <span class='ocrx_word' id='word_1_63' title='bbox 587 1174 599 1188; x_wconf 66' lang='grc' dir='ltr'><strong>ιι</strong></span> <span class='ocrx_word' id='word_1_64' title='bbox 614 1183 621 1191; x_wconf 95' lang='grc'><strong><em>.</em></strong></span> <span class='ocrx_word' id='word_1_65' title='bbox 634 1182 644 1191; x_wconf 87' lang='grc'><strong>.</strong></span> <span class='ocrx_word' id='word_1_66' title='bbox 656 1183 663 1190; x_wconf 93' lang='grc'><strong>.</strong></span> <span class='ocrx_word' id='word_1_67' title='bbox 677 1164 803 1190; x_wconf 86' lang='lat' dir='ltr'><strong>ambitio</strong></span> 
     </span>
     <span class='ocr_line' id='line_1_19' title="bbox 16 1206 804 1242; baseline -0.003 -9"><span class='ocrx_word' id='word_1_68' title='bbox 16 1231 21 1242; x_wconf 66' lang='lat'><strong>,‹</strong></span> <span class='ocrx_word' id='word_1_69' title='bbox 51 1234 54 1235; x_wconf 20' lang='lat'><em>⁷</em></span> <span class='ocrx_word' id='word_1_70' title='bbox 105 1217 119 1228; x_wconf 77' lang='lat' dir='ltr'><strong>n</strong></span> <span class='ocrx_word' id='word_1_71' title='bbox 140 1207 210 1233; x_wconf 78' lang='lat' dir='ltr'><strong>nari</strong></span> <span class='ocrx_word' id='word_1_72' title='bbox 229 1214 291 1233; x_wconf 90' lang='lat' dir='ltr'><strong>non</strong></span> <span class='ocrx_word' id='word_1_73' title='bbox 310 1209 422 1239; x_wconf 85' lang='lat' dir='ltr'><strong>potest.</strong></span> <span class='ocrx_word' id='word_1_74' title='bbox 443 1207 476 1234; x_wconf 86' lang='lat' dir='ltr'><strong>Si</strong></span> <span class='ocrx_word' id='word_1_75' title='bbox 496 1207 625 1233; x_wconf 89' lang='lat' dir='ltr'><strong>enimin</strong></span> <span class='ocrx_word' id='word_1_76' title='bbox 639 1206 804 1232; x_wconf 83' lang='lat' dir='ltr'><strong>manifesto</strong></span> 
     </span>
     <span class='ocr_line' id='line_1_20' title="bbox 12 1248 805 1281; baseline -0.001 -7"><span class='ocrx_word' id='word_1_77' title='bbox 12 1249 41 1274; x_wconf 65' lang='lat' dir='ltr'><strong>&#39;‘&#39;i</strong></span> <span class='ocrx_word' id='word_1_78' title='bbox 57 1255 120 1275; x_wconf 86' lang='lat' dir='ltr'><strong>non</strong></span> <span class='ocrx_word' id='word_1_79' title='bbox 133 1248 237 1281; x_wconf 87' lang='lat' dir='ltr'><strong>audet,</strong></span> <span class='ocrx_word' id='word_1_80' title='bbox 258 1248 399 1275; x_wconf 86' lang='lat' dir='ltr'><strong>clanculo</strong></span> <span class='ocrx_word' id='word_1_81' title='bbox 419 1249 516 1281; x_wconf 77' lang='lat' dir='ltr'><strong>serpit</strong></span> <span class='ocrx_word' id='word_1_82' title='bbox 535 1251 566 1274; x_wconf 92' lang='lat' dir='ltr'><strong>et</strong></span> <span class='ocrx_word' id='word_1_83' title='bbox 592 1248 805 1274; x_wconf 75' lang='lat' dir='ltr'><strong>fraudulenter</strong></span> 
     </span>
     <span class='ocr_line' id='line_1_21' title="bbox 57 1289 808 1324; baseline -0.004 -7"><span class='ocrx_word' id='word_1_84' title='bbox 57 1289 242 1323; x_wconf 81' lang='lat' dir='ltr'><strong>ingreditur.</strong></span> <span class='ocrx_word' id='word_1_85' title='bbox 269 1289 302 1316; x_wconf 90' lang='lat' dir='ltr'><strong>Si</strong></span> <span class='ocrx_word' id='word_1_86' title='bbox 330 1290 412 1316; x_wconf 84' lang='lat' dir='ltr'><strong>fores</strong></span> <span class='ocrx_word' id='word_1_87' title='bbox 441 1290 599 1316; x_wconf 75' lang='lat' dir='ltr'><strong>Ecclesiae</strong></span> <span class='ocrx_word' id='word_1_88' title='bbox 627 1289 808 1324; x_wconf 76' lang='lat' dir='ltr'><strong>muneribus</strong></span> 
     </span>
     <span class='ocr_line' id='line_1_22' title="bbox 59 1331 806 1365; baseline -0.002 -7.146"><span class='ocrx_word' id='word_1_89' title='bbox 59 1338 123 1358; x_wconf 84' lang='lat' dir='ltr'><strong>non</strong></span> <span class='ocrx_word' id='word_1_90' title='bbox 136 1332 268 1365; x_wconf 84' lang='lat' dir='ltr'><strong>aperiat,</strong></span> <span class='ocrx_word' id='word_1_91' title='bbox 283 1332 309 1358; x_wconf 83' lang='lat' dir='ltr'><strong>si</strong></span> <span class='ocrx_word' id='word_1_92' title='bbox 322 1338 379 1358; x_wconf 89' lang='lat' dir='ltr'><strong>nec</strong></span> <span class='ocrx_word' id='word_1_93' title='bbox 391 1338 458 1364; x_wconf 81' lang='lat' dir='ltr'><strong>sua,</strong></span> <span class='ocrx_word' id='word_1_94' title='bbox 470 1335 527 1358; x_wconf 82' lang='lat' dir='ltr'><strong>nec</strong></span> <span class='ocrx_word' id='word_1_95' title='bbox 540 1331 644 1358; x_wconf 85' lang='lat' dir='ltr'><strong>aliena</strong></span> <span class='ocrx_word' id='word_1_96' title='bbox 656 1331 806 1357; x_wconf 86' lang='lat' dir='ltr'><strong>violentia</strong></span> 
     </span>
     <span class='ocr_line' id='line_1_23' title="bbox 59 1372 805 1405; baseline -0.001 -6"><span class='ocrx_word' id='word_1_97' title='bbox 59 1374 250 1405; x_wconf 79' lang='lat' dir='ltr'><strong>reserantur,</strong></span> <span class='ocrx_word' id='word_1_98' title='bbox 264 1372 400 1405; x_wconf 77' lang='lat' dir='ltr'><strong>confugit</strong></span> <span class='ocrx_word' id='word_1_99' title='bbox 413 1373 453 1399; x_wconf 82' lang='lat' dir='ltr'><strong>ad</strong></span> <span class='ocrx_word' id='word_1_100' title='bbox 467 1374 549 1399; x_wconf 85' lang='lat' dir='ltr'><strong>artes</strong></span> <span class='ocrx_word' id='word_1_101' title='bbox 563 1372 707 1398; x_wconf 75' lang='lat' dir='ltr'><strong>fallaciae</strong></span> <span class='ocrx_word' id='word_1_102' title='bbox 721 1378 805 1405; x_wconf 85' lang='lat' dir='ltr'><strong>suae,</strong></span> 
     </span>
     <span class='ocr_line' id='line_1_24' title="bbox 24 1413 806 1447; baseline 0 -8"><span class='ocrx_word' id='word_1_103' title='bbox 24 1435 29 1438; x_wconf 36' lang='grc'><strong>1</strong></span> <span class='ocrx_word' id='word_1_104' title='bbox 59 1414 164 1440; x_wconf 84' lang='lat' dir='ltr'><strong>omnia</strong></span> <span class='ocrx_word' id='word_1_105' title='bbox 177 1421 257 1447; x_wconf 90' lang='lat' dir='ltr'><strong>quae</strong></span> <span class='ocrx_word' id='word_1_106' title='bbox 269 1413 446 1441; x_wconf 85' lang='lat' dir='ltr'><strong>libertatem</strong></span> <span class='ocrx_word' id='word_1_107' title='bbox 458 1414 652 1447; x_wconf 73' lang='lat' dir='ltr'><strong>impugnant,</strong></span> <span class='ocrx_word' id='word_1_108' title='bbox 665 1420 743 1446; x_wconf 88' lang='lat' dir='ltr'><strong>quae</strong></span> <span class='ocrx_word' id='word_1_109' title='bbox 757 1413 806 1439; x_wconf 89' lang='lat' dir='ltr'><strong>de-</strong></span> 
     </span>
     <span class='ocr_line' id='line_1_25' title="bbox 3 1455 806 1488; baseline 0 -7"><span class='ocrx_word' id='word_1_110' title='bbox 3 1478 5 1481; x_wconf 86' lang='lat'><strong>.</strong></span> <span class='ocrx_word' id='word_1_111' title='bbox 60 1458 214 1483; x_wconf 86' lang='lat' dir='ltr'><strong>cretorum</strong></span> <span class='ocrx_word' id='word_1_112' title='bbox 233 1457 349 1482; x_wconf 81' lang='lat' dir='ltr'><strong>statuta</strong></span> <span class='ocrx_word' id='word_1_113' title='bbox 368 1456 556 1488; x_wconf 89' lang='lat' dir='ltr'><strong>convellunt,</strong></span> <span class='ocrx_word' id='word_1_114' title='bbox 577 1458 607 1482; x_wconf 90' lang='lat' dir='ltr'><strong>et</strong></span> <span class='ocrx_word' id='word_1_115' title='bbox 633 1462 712 1488; x_wconf 82' lang='lat' dir='ltr'><strong>quae</strong></span> <span class='ocrx_word' id='word_1_116' title='bbox 735 1455 806 1481; x_wconf 90' lang='lat' dir='ltr'><strong>reii-</strong></span> 
     </span>
     <span class='ocr_line' id='line_1_26' title="bbox 0 1497 806 1534; baseline -0.002 -9"><span class='ocrx_word' id='word_1_117' title='bbox 0 1517 8 1534; x_wconf 46' lang='lat'><strong>„1</strong></span> <span class='ocrx_word' id='word_1_118' title='bbox 59 1498 145 1531; x_wconf 72' lang='lat' dir='ltr'><strong>gioni</strong></span> <span class='ocrx_word' id='word_1_119' title='bbox 171 1498 329 1525; x_wconf 88' lang='lat' dir='ltr'><strong>contraria</strong></span> <span class='ocrx_word' id='word_1_120' title='bbox 348 1501 429 1531; x_wconf 91' lang='lat' dir='ltr'><strong>sunt,</strong></span> <span class='ocrx_word' id='word_1_121' title='bbox 444 1500 510 1525; x_wconf 89' lang='lat' dir='ltr'><strong>tota</strong></span> <span class='ocrx_word' id='word_1_122' title='bbox 521 1498 666 1524; x_wconf 87' lang='lat' dir='ltr'><strong>libertate</strong></span> <span class='ocrx_word' id='word_1_123' title='bbox 680 1497 806 1530; x_wconf 86' lang='lat' dir='ltr'><strong>spiritus</strong></span> 
     </span>
     <span class='ocr_line' id='line_1_27' title="bbox 63 1539 809 1573; baseline -0.001 -6"><span class='ocrx_word' id='word_1_124' title='bbox 63 1539 245 1567; x_wconf 81' lang='lat' dir='ltr'><strong>detestatur.</strong></span> <span class='ocrx_word' id='word_1_125' title='bbox 272 1539 430 1573; x_wconf 80' lang='lat' dir='ltr'><strong>Sinonem,</strong></span> <span class='ocrx_word' id='word_1_126' title='bbox 449 1542 483 1566; x_wconf 87' lang='lat' dir='ltr'><strong>ut</strong></span> <span class='ocrx_word' id='word_1_127' title='bbox 511 1539 666 1572; x_wconf 73' lang='lat' dir='ltr'><strong>simplices</strong></span> <span class='ocrx_word' id='word_1_128' title='bbox 695 1541 726 1566; x_wconf 87' lang='lat' dir='ltr'><strong>et</strong></span> <span class='ocrx_word' id='word_1_129' title='bbox 745 1546 809 1566; x_wconf 89' lang='lat' dir='ltr'><strong>cre·</strong></span> 
     </span>
     <span class='ocr_line' id='line_1_28' title="bbox 28 1581 808 1615; baseline -0.001 -7"><span class='ocrx_word' id='word_1_130' title='bbox 28 1594 31 1599; x_wconf 78' lang='lat'><strong>,</strong></span> <span class='ocrx_word' id='word_1_131' title='bbox 61 1582 148 1609; x_wconf 84' lang='lat' dir='ltr'><strong>dulos</strong></span> <span class='ocrx_word' id='word_1_132' title='bbox 162 1581 395 1615; x_wconf 81' lang='lat' dir='ltr'><strong>circumveniat,</strong></span> <span class='ocrx_word' id='word_1_133' title='bbox 415 1581 580 1608; x_wconf 81' lang='lat' dir='ltr'><strong>miraberis</strong></span> <span class='ocrx_word' id='word_1_134' title='bbox 599 1581 747 1615; x_wconf 87' lang='lat' dir='ltr'><strong>rediisse;</strong></span> <span class='ocrx_word' id='word_1_135' title='bbox 770 1581 808 1607; x_wconf 89' lang='lat' dir='ltr'><strong>si-</strong></span> 
     </span>
     <span class='ocr_line' id='line_1_29' title="bbox 60 1623 463 1656; baseline -0.002 -6"><span class='ocrx_word' id='word_1_136' title='bbox 60 1624 159 1650; x_wconf 82' lang='lat' dir='ltr'><strong>mulat</strong></span> <span class='ocrx_word' id='word_1_137' title='bbox 178 1625 208 1650; x_wconf 90' lang='lat' dir='ltr'><strong>et</strong></span> <span class='ocrx_word' id='word_1_138' title='bbox 227 1623 413 1656; x_wconf 79' lang='lat' dir='ltr'><strong>dissimulat,</strong></span> <span class='ocrx_word' id='word_1_139' title='bbox 433 1625 463 1649; x_wconf 89' lang='lat' dir='ltr'><strong>et</strong></span> 
     </span>
     <span class='ocr_line' id='line_1_30' title="bbox 133 1665 740 1698; baseline -0.003 -6"><span class='ocrx_word' id='word_1_140' title='bbox 133 1667 266 1692; x_wconf 88' lang='lat' dir='ltr'><strong>astutam</strong></span> <span class='ocrx_word' id='word_1_141' title='bbox 285 1665 364 1698; x_wconf 87' lang='lat' dir='ltr'><strong>gerit</strong></span> <span class='ocrx_word' id='word_1_142' title='bbox 385 1665 440 1691; x_wconf 89' lang='lat' dir='ltr'><strong>sub</strong></span> <span class='ocrx_word' id='word_1_143' title='bbox 460 1667 584 1698; x_wconf 77' lang='lat' dir='ltr'><strong>pectore</strong></span> <span class='ocrx_word' id='word_1_144' title='bbox 603 1665 740 1698; x_wconf 85' lang='lat' dir='ltr'><strong>vulpem;</strong></span> 
     </span>
     <span class='ocr_line' id='line_1_31' title="bbox 22 1705 805 1739; baseline 0 -7"><span class='ocrx_word' id='word_1_145' title='bbox 22 1718 31 1732; x_wconf 60' lang='grc' dir='ltr'><strong>,τ</strong></span> <span class='ocrx_word' id='word_1_146' title='bbox 51 1707 166 1736; x_wconf 64' lang='lat' dir='ltr'><strong>»Stoico</strong></span> <span class='ocrx_word' id='word_1_147' title='bbox 187 1706 295 1739; x_wconf 88' lang='lat' dir='ltr'><strong>quovis</strong></span> <span class='ocrx_word' id='word_1_148' title='bbox 314 1706 443 1732; x_wconf 82' lang='lat' dir='ltr'><strong>liberior</strong></span> <span class='ocrx_word' id='word_1_149' title='bbox 463 1708 519 1739; x_wconf 87' lang='lat' dir='ltr'><strong>est,</strong></span> <span class='ocrx_word' id='word_1_150' title='bbox 535 1705 653 1733; x_wconf 82' lang='lat' dir='ltr'><strong>Catone</strong></span> <span class='ocrx_word' id='word_1_151' title='bbox 666 1706 805 1739; x_wconf 80' lang='lat' dir='ltr'><strong>rigidior.</strong></span> 
     </span>
     <span class='ocr_line' id='line_1_32' title="bbox 62 1747 811 1782; baseline -0.003 -6"><span class='ocrx_word' id='word_1_152' title='bbox 62 1747 118 1776; x_wconf 65' lang='lat' dir='ltr'><strong>unt</strong></span> <span class='ocrx_word' id='word_1_153' title='bbox 133 1756 254 1782; x_wconf 85' lang='lat' dir='ltr'><strong>quoque</strong></span> <span class='ocrx_word' id='word_1_154' title='bbox 268 1749 423 1775; x_wconf 88' lang='lat' dir='ltr'><strong>interdum</strong></span> <span class='ocrx_word' id='word_1_155' title='bbox 438 1748 616 1782; x_wconf 84' lang='lat' dir='ltr'><strong>simplicior,</strong></span> <span class='ocrx_word' id='word_1_156' title='bbox 630 1748 726 1774; x_wconf 90' lang='lat' dir='ltr'><strong>Paulo</strong></span> <span class='ocrx_word' id='word_1_157' title='bbox 741 1748 811 1774; x_wconf 89' lang='lat' dir='ltr'><strong>doc-</strong></span> 
     </span>
     <span class='ocr_line' id='line_1_33' title="bbox 31 1789 805 1823; baseline -0.001 -7"><span class='ocrx_word' id='word_1_158' title='bbox 31 1796 33 1800; x_wconf 90' lang='lat'>·</span> <span class='ocrx_word' id='word_1_159' title='bbox 60 1792 129 1817; x_wconf 86' lang='lat' dir='ltr'><strong>tore</strong></span> <span class='ocrx_word' id='word_1_160' title='bbox 148 1790 285 1823; x_wconf 88' lang='lat' dir='ltr'><strong>gentium</strong></span> <span class='ocrx_word' id='word_1_161' title='bbox 309 1789 487 1822; x_wconf 79' lang='lat' dir='ltr'><strong>sollicitior,</strong></span> <span class='ocrx_word' id='word_1_162' title='bbox 511 1789 684 1817; x_wconf 83' lang='lat' dir='ltr'><strong>ferventior</strong></span> <span class='ocrx_word' id='word_1_163' title='bbox 701 1789 805 1823; x_wconf 83' lang='lat' dir='ltr'><strong>Petro;</strong></span> 
     </span>
     <span class='ocr_line' id='line_1_34' title="bbox 63 1830 806 1865; baseline 0 -7"><span class='ocrx_word' id='word_1_164' title='bbox 63 1835 94 1858; x_wconf 89' lang='lat' dir='ltr'><strong>et</strong></span> <span class='ocrx_word' id='word_1_165' title='bbox 113 1832 142 1858; x_wconf 91' lang='lat' dir='ltr'><strong>ei</strong></span> <span class='ocrx_word' id='word_1_166' title='bbox 161 1831 267 1859; x_wconf 85' lang='lat' dir='ltr'><strong>vivere</strong></span> <span class='ocrx_word' id='word_1_167' title='bbox 288 1830 427 1857; x_wconf 87' lang='lat' dir='ltr'><strong>Christus</strong></span> <span class='ocrx_word' id='word_1_168' title='bbox 447 1833 504 1864; x_wconf 89' lang='lat' dir='ltr'><strong>est,</strong></span> <span class='ocrx_word' id='word_1_169' title='bbox 525 1834 555 1858; x_wconf 88' lang='lat' dir='ltr'><strong>et</strong></span> <span class='ocrx_word' id='word_1_170' title='bbox 574 1831 652 1858; x_wconf 85' lang='lat' dir='ltr'><strong>mori</strong></span> <span class='ocrx_word' id='word_1_171' title='bbox 671 1831 806 1865; x_wconf 66' lang='lat' dir='ltr'><strong>lucrum</strong></span> 
     </span>
     <span class='ocr_line' id='line_1_35' title="bbox 0 1872 807 1910; baseline 0 -10"><span class='ocrx_word' id='word_1_172' title='bbox 0 1906 3 1910; x_wconf 20' lang='grc' dir='ltr'><em>ν</em></span> <span class='ocrx_word' id='word_1_173' title='bbox 65 1880 122 1900; x_wconf 82' lang='grc'>1188</span> <span class='ocrx_word' id='word_1_174' title='bbox 140 1873 290 1906; x_wconf 85' lang='lat' dir='ltr'><strong>gloriatur</strong></span> <span class='ocrx_word' id='word_1_175' title='bbox 303 1873 336 1898; x_wconf 89' lang='lat' dir='ltr'><strong>in</strong></span> <span class='ocrx_word' id='word_1_176' title='bbox 356 1872 470 1906; x_wconf 85' lang='lat' dir='ltr'><strong>aliquo,</strong></span> <span class='ocrx_word' id='word_1_177' title='bbox 491 1872 552 1899; x_wconf 88' lang='lat' dir='ltr'><strong>nisi</strong></span> <span class='ocrx_word' id='word_1_178' title='bbox 565 1872 599 1899; x_wconf 91' lang='lat' dir='ltr'><strong>iu</strong></span> <span class='ocrx_word' id='word_1_179' title='bbox 611 1880 702 1900; x_wconf 83' lang='lat' dir='ltr'><strong>cruce</strong></span> <span class='ocrx_word' id='word_1_180' title='bbox 722 1873 807 1900; x_wconf 76' lang='lat' dir='ltr'><strong>chri-</strong></span> 
     </span>
     <span class='ocr_line' id='line_1_36' title="bbox 11 1914 808 1948; baseline -0.001 -6"><span class='ocrx_word' id='word_1_181' title='bbox 11 1945 13 1947; x_wconf 55' lang='grc'><em>,</em></span> <span class='ocrx_word' id='word_1_182' title='bbox 65 1916 116 1948; x_wconf 90' lang='lat' dir='ltr'><strong>sti,</strong></span> <span class='ocrx_word' id='word_1_183' title='bbox 138 1922 229 1948; x_wconf 88' lang='lat' dir='ltr'><strong>quam</strong></span> <span class='ocrx_word' id='word_1_184' title='bbox 248 1914 362 1948; x_wconf 84' lang='lat' dir='ltr'><strong>iugiter</strong></span> <span class='ocrx_word' id='word_1_185' title='bbox 372 1916 484 1948; x_wconf 70' lang='lat' dir='ltr'><strong>portat</strong></span> <span class='ocrx_word' id='word_1_186' title='bbox 502 1915 535 1941; x_wconf 86' lang='lat' dir='ltr'><strong>in</strong></span> <span class='ocrx_word' id='word_1_187' title='bbox 549 1921 687 1948; x_wconf 87' lang='lat' dir='ltr'><strong>corpore,</strong></span> <span class='ocrx_word' id='word_1_188' title='bbox 701 1917 736 1941; x_wconf 88' lang='lat' dir='ltr'><strong>ut</strong></span> <span class='ocrx_word' id='word_1_189' title='bbox 748 1916 808 1947; x_wconf 88' lang='lat' dir='ltr'><strong>spi-</strong></span> 
     </span>
     <span class='ocr_line' id='line_1_37' title="bbox 64 1956 808 1990; baseline 0.001 -8"><span class='ocrx_word' id='word_1_190' title='bbox 64 1958 142 1983; x_wconf 84' lang='lat' dir='ltr'><strong>ritus</strong></span> <span class='ocrx_word' id='word_1_191' title='bbox 162 1957 265 1983; x_wconf 88' lang='lat' dir='ltr'><strong>salvus</strong></span> <span class='ocrx_word' id='word_1_192' title='bbox 285 1957 335 1989; x_wconf 89' lang='lat' dir='ltr'><strong>sit,</strong></span> <span class='ocrx_word' id='word_1_193' title='bbox 356 1956 483 1983; x_wconf 86' lang='lat' dir='ltr'><strong>dissolvi</strong></span> <span class='ocrx_word' id='word_1_194' title='bbox 496 1956 656 1983; x_wconf 74' lang='lat' dir='ltr'><strong>dumtaxat</strong></span> <span class='ocrx_word' id='word_1_195' title='bbox 669 1957 808 1990; x_wconf 89' lang='lat' dir='ltr'><strong>cupiens,</strong></span> 
     </span>
     <span class='ocr_line' id='line_1_38' title="bbox 63 1997 807 2031; baseline -0.001 -6"><span class='ocrx_word' id='word_1_196' title='bbox 63 2001 96 2025; x_wconf 85' lang='lat' dir='ltr'><strong>et</strong></span> <span class='ocrx_word' id='word_1_197' title='bbox 108 2005 176 2026; x_wconf 89' lang='lat' dir='ltr'><strong>esse</strong></span> <span class='ocrx_word' id='word_1_198' title='bbox 189 2005 258 2024; x_wconf 87' lang='lat' dir='ltr'><strong>cum</strong></span> <span class='ocrx_word' id='word_1_199' title='bbox 271 1997 404 2024; x_wconf 87' lang='lat' dir='ltr'><strong>Christo.</strong></span> <span class='ocrx_word' id='word_1_200' title='bbox 418 1997 583 2024; x_wconf 74' lang='lat' dir='ltr'><strong>Mortificat</strong></span> <span class='ocrx_word' id='word_1_201' title='bbox 596 2005 669 2031; x_wconf 86' lang='lat' dir='ltr'><strong>ergo</strong></span> <span class='ocrx_word' id='word_1_202' title='bbox 683 2005 807 2025; x_wconf 86' lang='lat' dir='ltr'><strong>carnem</strong></span> 
     </span>
     <span class='ocr_line' id='line_1_39' title="bbox 20 2040 806 2075; baseline 0 -8"><span class='ocrx_word' id='word_1_203' title='bbox 20 2069 24 2075; x_wconf 50' lang='lat'><strong>,</strong></span> <span class='ocrx_word' id='word_1_204' title='bbox 64 2047 132 2067; x_wconf 86' lang='lat' dir='ltr'><strong>cum</strong></span> <span class='ocrx_word' id='word_1_205' title='bbox 151 2040 236 2066; x_wconf 88' lang='lat' dir='ltr'><strong>vitiis</strong></span> <span class='ocrx_word' id='word_1_206' title='bbox 257 2042 288 2066; x_wconf 91' lang='lat' dir='ltr'><strong>et</strong></span> <span class='ocrx_word' id='word_1_207' title='bbox 305 2040 582 2074; x_wconf 87' lang='lat' dir='ltr'><strong>concupiscentiis;</strong></span> <span class='ocrx_word' id='word_1_208' title='bbox 603 2043 634 2067; x_wconf 90' lang='lat' dir='ltr'><strong>et</strong></span> <span class='ocrx_word' id='word_1_209' title='bbox 652 2048 714 2067; x_wconf 89' lang='lat' dir='ltr'><strong>non</strong></span> <span class='ocrx_word' id='word_1_210' title='bbox 727 2041 806 2067; x_wconf 87' lang='lat' dir='ltr'><strong>sicut</strong></span> 
     </span>
     <span class='ocr_line' id='line_1_40' title="bbox 65 2081 810 2115; baseline 0 -8"><span class='ocrx_word' id='word_1_211' title='bbox 65 2081 161 2108; x_wconf 84' lang='lat' dir='ltr'><strong>ceteri</strong></span> <span class='ocrx_word' id='word_1_212' title='bbox 180 2081 338 2108; x_wconf 88' lang='lat' dir='ltr'><strong>hominum</strong></span> <span class='ocrx_word' id='word_1_213' title='bbox 358 2088 427 2108; x_wconf 88' lang='lat' dir='ltr'><strong>cum</strong></span> <span class='ocrx_word' id='word_1_214' title='bbox 438 2081 614 2108; x_wconf 84' lang='lat' dir='ltr'><strong>hominibus</strong></span> <span class='ocrx_word' id='word_1_215' title='bbox 628 2082 752 2115; x_wconf 81' lang='lat' dir='ltr'><strong>degens,</strong></span> <span class='ocrx_word' id='word_1_216' title='bbox 766 2082 810 2108; x_wconf 87' lang='lat' dir='ltr'><strong>vi-</strong></span> 
     </span>
     <span class='ocr_line' id='line_1_41' title="bbox 66 2123 810 2155; baseline 0.003 -7"><span class='ocrx_word' id='word_1_217' title='bbox 66 2124 130 2149; x_wconf 89' lang='lat' dir='ltr'><strong>tam</strong></span> <span class='ocrx_word' id='word_1_218' title='bbox 149 2123 214 2155; x_wconf 84' lang='lat' dir='ltr'><strong>agit</strong></span> <span class='ocrx_word' id='word_1_219' title='bbox 232 2123 403 2155; x_wconf 82' lang='lat' dir='ltr'><strong>angelicam</strong></span> <span class='ocrx_word' id='word_1_220' title='bbox 422 2125 452 2149; x_wconf 90' lang='lat' dir='ltr'><strong>et</strong></span> <span class='ocrx_word' id='word_1_221' title='bbox 470 2123 506 2150; x_wconf 87' lang='lat' dir='ltr'><strong>in</strong></span> <span class='ocrx_word' id='word_1_222' title='bbox 530 2123 713 2150; x_wconf 82' lang='lat' dir='ltr'><strong>coelestibus</strong></span> <span class='ocrx_word' id='word_1_223' title='bbox 739 2131 810 2150; x_wconf 87' lang='lat' dir='ltr'><strong>con-</strong></span> 
     </span>
     <span class='ocr_line' id='line_1_42' title="bbox 65 2164 807 2196; baseline 0.002 -5.846"><span class='ocrx_word' id='word_1_224' title='bbox 65 2167 217 2191; x_wconf 73' lang='lat' dir='ltr'><strong>versatur.</strong></span> <span class='ocrx_word' id='word_1_225' title='bbox 238 2164 384 2191; x_wconf 87' lang='lat' dir='ltr'><strong>Ieiunant</strong></span> <span class='ocrx_word' id='word_1_226' title='bbox 402 2165 434 2190; x_wconf 86' lang='lat' dir='ltr'><strong>hi</strong></span> <span class='ocrx_word' id='word_1_227' title='bbox 454 2165 607 2196; x_wconf 79' lang='lat' dir='ltr'><strong>continue,</strong></span> <span class='ocrx_word' id='word_1_228' title='bbox 629 2165 695 2192; x_wconf 89' lang='lat' dir='ltr'><strong>sine</strong></span> <span class='ocrx_word' id='word_1_229' title='bbox 714 2166 807 2192; x_wconf 86' lang='lat' dir='ltr'><strong>inter-</strong></span> 
     </span>
     <span class='ocr_line' id='line_1_43' title="bbox 0 2206 811 2242; baseline 0.002 -10"><span class='ocrx_word' id='word_1_230' title='bbox 0 2206 20 2242; x_wconf 59' lang='lat' dir='ltr'><strong>j‘</strong></span> <span class='ocrx_word' id='word_1_231' title='bbox 65 2206 212 2232; x_wconf 85' lang='lat' dir='ltr'><strong>missione</strong></span> <span class='ocrx_word' id='word_1_232' title='bbox 231 2209 332 2239; x_wconf 88' lang='lat' dir='ltr'><strong>orant,</strong></span> <span class='ocrx_word' id='word_1_233' title='bbox 354 2206 438 2232; x_wconf 74' lang='lat' dir='ltr'><strong>clare</strong></span> <span class='ocrx_word' id='word_1_234' title='bbox 456 2208 560 2233; x_wconf 89' lang='lat' dir='ltr'><strong>tamen</strong></span> <span class='ocrx_word' id='word_1_235' title='bbox 587 2209 618 2232; x_wconf 90' lang='lat' dir='ltr'><strong>et</strong></span> <span class='ocrx_word' id='word_1_236' title='bbox 643 2209 678 2232; x_wconf 88' lang='lat' dir='ltr'><strong>ut</strong></span> <span class='ocrx_word' id='word_1_237' title='bbox 705 2207 811 2234; x_wconf 85' lang='lat' dir='ltr'><strong>audiat</strong></span> 
     </span>
     <span class='ocr_line' id='line_1_44' title="bbox 0 2241 809 2284; baseline 0.001 -10"><span class='ocrx_word' id='word_1_238' title='bbox 0 2241 23 2284; x_wconf 51' lang='grc' dir='ltr'><strong>ζ’,</strong></span> <span class='ocrx_word' id='word_1_239' title='bbox 64 2248 187 2281; x_wconf 80' lang='lat' dir='ltr'><strong>hospes,</strong></span> <span class='ocrx_word' id='word_1_240' title='bbox 208 2249 327 2281; x_wconf 86' lang='lat' dir='ltr'><strong>asperis</strong></span> <span class='ocrx_word' id='word_1_241' title='bbox 348 2250 378 2274; x_wconf 87' lang='lat' dir='ltr'><strong>et</strong></span> <span class='ocrx_word' id='word_1_242' title='bbox 401 2247 535 2274; x_wconf 88' lang='lat' dir='ltr'><strong>sordidis</strong></span> <span class='ocrx_word' id='word_1_243' title='bbox 560 2249 697 2275; x_wconf 87' lang='lat' dir='ltr'><strong>vestibus</strong></span> <span class='ocrx_word' id='word_1_244' title='bbox 722 2249 809 2275; x_wconf 89' lang='lat' dir='ltr'><strong>indu-</strong></span> 
     </span>
     <span class='ocr_line' id='line_1_45' title="bbox 0 2288 812 2328; baseline 0 -11"><span class='ocrx_word' id='word_1_245' title='bbox 0 2288 34 2328; x_wconf 53' lang='grc' dir='ltr'><strong>ἒξ]</strong></span> <span class='ocrx_word' id='word_1_246' title='bbox 65 2293 159 2319; x_wconf 77' lang='lat' dir='ltr'><strong>untur</strong></span> <span class='ocrx_word' id='word_1_247' title='bbox 179 2293 209 2317; x_wconf 91' lang='lat' dir='ltr'><strong>et</strong></span> <span class='ocrx_word' id='word_1_248' title='bbox 227 2290 374 2324; x_wconf 90' lang='lat' dir='ltr'><strong>populum</strong></span> <span class='ocrx_word' id='word_1_249' title='bbox 394 2290 568 2324; x_wconf 83' lang='lat' dir='ltr'><strong>increpant.</strong></span> <span class='ocrx_word' id='word_1_250' title='bbox 591 2290 734 2323; x_wconf 75' lang='lat' dir='ltr'><strong>Arguunt</strong></span> <span class='ocrx_word' id='word_1_251' title='bbox 752 2292 812 2318; x_wconf 77' lang='lat' dir='ltr'><strong>cle-</strong></span> 
     </span>
     <span class='ocr_line' id='line_1_46' title="bbox 9 2329 810 2365; baseline 0 -6"><span class='ocrx_word' id='word_1_252' title='bbox 9 2329 18 2331; x_wconf 61' lang='grc'><em>“</em></span> <span class='ocrx_word' id='word_1_253' title='bbox 65 2339 149 2365; x_wconf 73' lang='lat' dir='ltr'><strong>rum,</strong></span> <span class='ocrx_word' id='word_1_254' title='bbox 182 2332 219 2358; x_wconf 91' lang='lat' dir='ltr'><strong>de</strong></span> <span class='ocrx_word' id='word_1_255' title='bbox 250 2332 387 2358; x_wconf 88' lang='lat' dir='ltr'><strong>moribus</strong></span> <span class='ocrx_word' id='word_1_256' title='bbox 419 2331 609 2365; x_wconf 81' lang='lat' dir='ltr'><strong>corrigendis</strong></span> <span class='ocrx_word' id='word_1_257' title='bbox 641 2332 810 2360; x_wconf 81' lang='lat' dir='ltr'><strong>sollicitant</strong></span> 
     </span>
     <span class='ocr_line' id='line_1_47' title="bbox 64 2373 811 2409; baseline 0.001 -9"><span class='ocrx_word' id='word_1_258' title='bbox 64 2373 255 2409; x_wconf 77' lang='lat' dir='ltr'><strong>principatus</strong></span> <span class='ocrx_word' id='word_1_259' title='bbox 277 2376 306 2402; x_wconf 90' lang='lat' dir='ltr'><strong>et</strong></span> <span class='ocrx_word' id='word_1_260' title='bbox 325 2376 506 2407; x_wconf 85' lang='lat' dir='ltr'><strong>potestates,</strong></span> <span class='ocrx_word' id='word_1_261' title='bbox 526 2374 738 2400; x_wconf 88' lang='lat' dir='ltr'><strong>testimonium</strong></span> <span class='ocrx_word' id='word_1_262' title='bbox 751 2375 811 2401; x_wconf 85' lang='lat' dir='ltr'><strong>sibi</strong></span> 
     </span>
     <span class='ocr_line' id='line_1_48' title="bbox 64 2414 812 2450; baseline 0 -7"><span class='ocrx_word' id='word_1_263' title='bbox 64 2414 260 2450; x_wconf 58' lang='lat' dir='ltr'><strong>&#39;acquirentes</strong></span> <span class='ocrx_word' id='word_1_264' title='bbox 292 2416 443 2448; x_wconf 87' lang='lat' dir='ltr'><strong>iustitiae,</strong></span> <span class='ocrx_word' id='word_1_265' title='bbox 477 2416 503 2442; x_wconf 87' lang='lat' dir='ltr'><strong>si</strong></span> <span class='ocrx_word' id='word_1_266' title='bbox 532 2416 618 2442; x_wconf 86' lang='lat' dir='ltr'><strong>vitae</strong></span> <span class='ocrx_word' id='word_1_267' title='bbox 646 2416 812 2443; x_wconf 81' lang='lat' dir='ltr'><strong>detrahant</strong></span> 
     </span>
     <span class='ocr_line' id='line_1_49' title="bbox 55 2455 812 2494; baseline 0.004 -12"><span class='ocrx_word' id='word_1_268' title='bbox 55 2455 197 2494; x_wconf 42' lang='lat' dir='ltr'><strong>pinnae.</strong></span> <span class='ocrx_word' id='word_1_269' title='bbox 212 2457 253 2484; x_wconf 92' lang='lat' dir='ltr'><strong>Ut</strong></span> <span class='ocrx_word' id='word_1_270' title='bbox 267 2464 340 2484; x_wconf 87' lang='lat' dir='ltr'><strong>vero</strong></span> <span class='ocrx_word' id='word_1_271' title='bbox 356 2458 442 2483; x_wconf 75' lang='lat' dir='ltr'><strong>fraus</strong></span> <span class='ocrx_word' id='word_1_272' title='bbox 456 2457 511 2483; x_wconf 89' lang='lat' dir='ltr'><strong>sub</strong></span> <span class='ocrx_word' id='word_1_273' title='bbox 525 2457 696 2484; x_wconf 83' lang='lat' dir='ltr'><strong>honestatis</strong></span> <span class='ocrx_word' id='word_1_274' title='bbox 709 2459 812 2492; x_wconf 88' lang='lat' dir='ltr'><strong>specie</strong></span> 
     </span>
     <span class='ocr_line' id='line_1_50' title="bbox 54 2494 812 2533; baseline 0.003 -8"><span class='ocrx_word' id='word_1_275' title='bbox 54 2494 268 2533; x_wconf 50' lang='lat' dir='ltr'><strong>ljmsvalescat,</strong></span> <span class='ocrx_word' id='word_1_276' title='bbox 295 2499 498 2526; x_wconf 87' lang='lat' dir='ltr'><strong>laudabilium</strong></span> <span class='ocrx_word' id='word_1_277' title='bbox 521 2500 658 2526; x_wconf 89' lang='lat' dir='ltr'><strong>virorum</strong></span> <span class='ocrx_word' id='word_1_278' title='bbox 683 2499 812 2532; x_wconf 84' lang='lat' dir='ltr'><strong>collegia</strong></span> 
     </span>
     <span class='ocr_line' id='line_1_51' title="bbox 60 2536 811 2575; baseline 0 -7"><span class='ocrx_word' id='word_1_279' title='bbox 60 2536 230 2574; x_wconf 35' lang='lat' dir='ltr'><strong>&#39;auctuum</strong></span> <span class='ocrx_word' id='word_1_280' title='bbox 267 2541 380 2567; x_wconf 85' lang='lat' dir='ltr'><strong>arduas</strong></span> <span class='ocrx_word' id='word_1_281' title='bbox 418 2542 549 2568; x_wconf 87' lang='lat' dir='ltr'><strong>subeunt</strong></span> <span class='ocrx_word' id='word_1_282' title='bbox 585 2541 811 2575; x_wconf 79' lang='lat' dir='ltr'><strong>professiones,</strong></span> 
     </span>
     <span class='ocr_line' id='line_1_52' title="bbox 10 2573 812 2626; baseline 0.001 -18"><span class='ocrx_word' id='word_1_283' title='bbox 10 2615 19 2626; x_wconf 50' lang='grc' dir='ltr'><strong><em>Ι</em></strong></span> <span class='ocrx_word' id='word_1_284' title='bbox 40 2573 222 2617; x_wconf 41' lang='lat' dir='ltr'><strong>&amp;ostentant</strong></span> <span class='ocrx_word' id='word_1_285' title='bbox 242 2583 392 2616; x_wconf 84' lang='lat' dir='ltr'><strong>difficilia,</strong></span> <span class='ocrx_word' id='word_1_286' title='bbox 413 2585 443 2609; x_wconf 90' lang='lat' dir='ltr'><strong>et</strong></span> <span class='ocrx_word' id='word_1_287' title='bbox 462 2581 650 2610; x_wconf 85' lang='lat' dir='ltr'><strong>familiarius</strong></span> <span class='ocrx_word' id='word_1_288' title='bbox 670 2583 730 2610; x_wconf 84' lang='lat' dir='ltr'><strong>sibi</strong></span> <span class='ocrx_word' id='word_1_289' title='bbox 744 2589 812 2616; x_wconf 87' lang='lat' dir='ltr'><strong>pro—</strong></span> 
     </span>
     <span class='ocr_line' id='line_1_53' title="bbox 0 2622 811 2658; baseline -0.001 -7"><span class='ocrx_word' id='word_1_290' title='bbox 0 2642 5 2652; x_wconf 61' lang='lat'>2</span> <span class='ocrx_word' id='word_1_291' title='bbox 40 2641 42 2644; x_wconf 93' lang='grc'><strong>-</strong></span> <span class='ocrx_word' id='word_1_292' title='bbox 63 2633 90 2650; x_wconf 67' lang='grc' dir='ltr'><strong>,ν</strong></span> <span class='ocrx_word' id='word_1_293' title='bbox 108 2622 147 2657; x_wconf 80' lang='lat'><strong>1.</strong></span> <span class='ocrx_word' id='word_1_294' title='bbox 169 2625 331 2657; x_wconf 83' lang='lat' dir='ltr'><strong>possibilia</strong></span> <span class='ocrx_word' id='word_1_295' title='bbox 357 2628 387 2651; x_wconf 92' lang='lat' dir='ltr'><strong>et</strong></span> <span class='ocrx_word' id='word_1_296' title='bbox 412 2632 492 2657; x_wconf 84' lang='lat' dir='ltr'><strong>quae</strong></span> <span class='ocrx_word' id='word_1_297' title='bbox 518 2625 704 2651; x_wconf 83' lang='lat' dir='ltr'><strong>humaniora</strong></span> <span class='ocrx_word' id='word_1_298' title='bbox 730 2627 811 2658; x_wconf 90' lang='lat' dir='ltr'><strong>sunt,</strong></span> 
     </span>
     <span class='ocr_line' id='line_1_54' title="bbox 5 2662 812 2705; baseline -0.001 -12"><span class='ocrx_word' id='word_1_299' title='bbox 5 2679 12 2705; x_wconf 27' lang='grc' dir='ltr'><em>ᾗ</em></span> <span class='ocrx_word' id='word_1_300' title='bbox 24 2662 268 2702; x_wconf 40' lang='lat' dir='ltr'><strong>“1⁴27930quuntur.</strong></span> <span class='ocrx_word' id='word_1_301' title='bbox 301 2667 352 2694; x_wconf 85' lang='lat' dir='ltr'><strong>Sic</strong></span> <span class='ocrx_word' id='word_1_302' title='bbox 384 2674 456 2700; x_wconf 84' lang='lat' dir='ltr'><strong>ergo</strong></span> <span class='ocrx_word' id='word_1_303' title='bbox 489 2667 610 2700; x_wconf 84' lang='lat' dir='ltr'><strong>Basilii,</strong></span> <span class='ocrx_word' id='word_1_304' title='bbox 639 2666 812 2700; x_wconf 83' lang='lat' dir='ltr'><strong>Benedicti,</strong></span> 
     </span>
     <span class='ocr_line' id='line_1_55' title="bbox 3 2702 813 2741; baseline 0.001 -8"><span class='ocrx_word' id='word_1_305' title='bbox 3 2702 242 2740; x_wconf 48' lang='lat' dir='ltr'><strong>fluctuanti,</strong></span> <span class='ocrx_word' id='word_1_306' title='bbox 263 2710 316 2734; x_wconf 84' lang='lat' dir='ltr'><strong>aut</strong></span> <span class='ocrx_word' id='word_1_307' title='bbox 335 2709 363 2734; x_wconf 90' lang='lat' dir='ltr'><strong>si</strong></span> <span class='ocrx_word' id='word_1_308' title='bbox 387 2709 444 2734; x_wconf 88' lang='lat' dir='ltr'><strong>hoc</strong></span> <span class='ocrx_word' id='word_1_309' title='bbox 474 2715 583 2741; x_wconf 87' lang='lat' dir='ltr'><strong>parum</strong></span> <span class='ocrx_word' id='word_1_310' title='bbox 603 2711 662 2741; x_wconf 88' lang='lat' dir='ltr'><strong>est,</strong></span> <span class='ocrx_word' id='word_1_311' title='bbox 683 2708 813 2741; x_wconf 88' lang='lat' dir='ltr'><strong>Aposto-</strong></span> 
     </span>
     <span class='ocr_line' id='line_1_56' title="bbox 65 2746 814 2784; baseline 0.004 -10.809"><span class='ocrx_word' id='word_1_312' title='bbox 65 2746 166 2784; x_wconf 62' lang='lat' dir='ltr'><strong>los-um</strong></span> <span class='ocrx_word' id='word_1_313' title='bbox 184 2751 216 2776; x_wconf 86' lang='lat' dir='ltr'><strong>et</strong></span> <span class='ocrx_word' id='word_1_314' title='bbox 239 2750 465 2783; x_wconf 84' lang='lat' dir='ltr'><strong>Prophetarum</strong></span> <span class='ocrx_word' id='word_1_315' title='bbox 493 2751 632 2777; x_wconf 83' lang='lat' dir='ltr'><strong>fatentur</strong></span> <span class='ocrx_word' id='word_1_316' title='bbox 663 2756 814 2776; x_wconf 87' lang='lat' dir='ltr'><strong>successo-</strong></span> 
     </span>
    </p>
   </div>
   <div class='ocr_carea' id='block_1_6' title="bbox 0 1541 28 1886">
    <p class='ocr_par' dir='ltr' id='par_1_6' title="bbox 0 1541 28 1886">
     <span class='ocr_line' id='line_1_57' title="bbox 0 1541 28 1886; textangle 90"><span class='ocrx_word' id='word_1_317' title='bbox 0 1567 28 1886; x_wconf 48' lang='lat' dir='ltr'><strong>-·‘.=&#39;·&#39;-s⁶1«·zv⁴v÷sffi‘ss·†z†¹³&#39;</strong></span> <span class='ocrx_word' id='word_1_318' title='bbox 0 1541 2 1553; x_wconf 81' lang='grc'>-</span> 
     </span>
    </p>
   </div>
   <div class='ocr_carea' id='block_1_7' title="bbox 0 2331 122 2892">
    <p class='ocr_par' dir='ltr' id='par_1_7' title="bbox 0 2331 122 2892">
     <span class='ocr_line' id='line_1_58' title="bbox 0 2331 34 2355; baseline 0 537"><span class='ocrx_word' id='word_1_319' title='bbox 0 2331 34 2355; x_wconf 95' lang='lat' dir='ltr'><strong> </strong></span> 
     </span>
     <span class='ocr_line' id='line_1_59' title="bbox 0 2355 65 2467; baseline 0 -40"><span class='ocrx_word' id='word_1_320' title='bbox 0 2355 65 2467; x_wconf 95' lang='lat' dir='ltr'><strong>    </strong></span> 
     </span>
     <span class='ocr_line' id='line_1_60' title="bbox 0 2467 65 2526; baseline 0 0"><span class='ocrx_word' id='word_1_321' title='bbox 0 2467 65 2526; x_wconf 95' lang='lat' dir='ltr'><strong>  </strong></span> 
     </span>
     <span class='ocr_line' id='line_1_61' title="bbox 0 2526 62 2564; baseline 0 0"><span class='ocrx_word' id='word_1_322' title='bbox 0 2526 62 2564; x_wconf 95' lang='lat' dir='ltr'><strong>  </strong></span> 
     </span>
     <span class='ocr_line' id='line_1_62' title="bbox 0 2564 122 2646; baseline 0 -13"><span class='ocrx_word' id='word_1_323' title='bbox 0 2564 122 2646; x_wconf 95' lang='lat' dir='ltr'><strong>   </strong></span> 
     </span>
     <span class='ocr_line' id='line_1_63' title="bbox 0 2718 82 2815; baseline 0 -12"><span class='ocrx_word' id='word_1_324' title='bbox 0 2718 82 2815; x_wconf 95' lang='lat' dir='ltr'><strong>   </strong></span> 
     </span>
     <span class='ocr_line' id='line_1_64' title="bbox 0 2815 78 2892; baseline 0 -40"><span class='ocrx_word' id='word_1_325' title='bbox 0 2815 78 2892; x_wconf 95' lang='lat' dir='ltr'><strong>  </strong></span> 
     </span>
    </p>
   </div>
   <div class='ocr_carea' id='block_1_8' title="bbox 7 2790 813 2843">
    <p class='ocr_par' dir='ltr' id='par_1_8' title="bbox 7 2790 813 2843">
     <span class='ocr_line' id='line_1_65' title="bbox 7 2790 813 2843; baseline 0.001 -27"><span class='ocrx_word' id='word_1_326' title='bbox 7 2826 18 2830; x_wconf 29' lang='grc' dir='ltr'><strong>Γ</strong></span> <span class='ocrx_word' id='word_1_327' title='bbox 28 2814 72 2836; x_wconf 26' lang='grc' dir='ltr'>’,μ-ί</span> <span class='ocrx_word' id='word_1_328' title='bbox 80 2795 133 2843; x_wconf 52' lang='grc' dir='ltr'><strong>ξος</strong></span> <span class='ocrx_word' id='word_1_329' title='bbox 147 2793 248 2817; x_wconf 83' lang='lat' dir='ltr'><strong>vestes</strong></span> <span class='ocrx_word' id='word_1_330' title='bbox 261 2790 540 2826; x_wconf 75' lang='lat' dir='ltr'><strong>Carthasiensium,</strong></span> <span class='ocrx_word' id='word_1_331' title='bbox 552 2791 813 2825; x_wconf 79' lang='lat' dir='ltr'><strong>cisterciensium,</strong></span> 
     </span>
    </p>
   </div>
   <div class='ocr_carea' id='block_1_9' title="bbox 73 2869 765 2892">
    <p class='ocr_par' dir='ltr' id='par_1_9' title="bbox 73 2869 765 2892">
     <span class='ocr_line' id='line_1_66' title="bbox 73 2869 765 2892; baseline 0 0"><span class='ocrx_word' id='word_1_332' title='bbox 73 2869 102 2892; x_wconf 45' lang='grc' dir='ltr'><strong>’Ἥ</strong></span> <span class='ocrx_word' id='word_1_333' title='bbox 140 2876 256 2892; x_wconf 63' lang='lat' dir='ltr'><strong>*rx-n..-</strong></span> <span class='ocrx_word' id='word_1_334' title='bbox 275 2885 296 2892; x_wconf 78' lang='lat'><strong>.-</strong></span> <span class='ocrx_word' id='word_1_335' title='bbox 314 2880 460 2892; x_wconf 69' lang='lat' dir='ltr'><strong>n...-..--.</strong></span> <span class='ocrx_word' id='word_1_336' title='bbox 537 2880 625 2892; x_wconf 53' lang='grc' dir='ltr'><strong>πμ---</strong></span> <span class='ocrx_word' id='word_1_337' title='bbox 649 2880 765 2892; x_wconf 68' lang='grc' dir='ltr'><strong>--ι--ι.-</strong></span> 
     </span>
    </p>
   </div>
   <div class='ocr_carea' id='block_1_10' title="bbox 228 191 1611 332">
    <p class='ocr_par' dir='ltr' id='par_1_10' title="bbox 228 191 1606 313">
     <span class='ocr_line' id='line_1_67' title="bbox 229 191 1606 254; baseline -0.001 -11"><span class='ocrx_word' id='word_1_338' title='bbox 229 202 468 251; x_wconf 71' lang='lat' dir='ltr'><strong>matrimoni,</strong></span> <span class='ocrx_word' id='word_1_339' title='bbox 500 207 586 241; x_wconf 84' lang='lat' dir='ltr'><strong>star</strong></span> <span class='ocrx_word' id='word_1_340' title='bbox 620 203 800 254; x_wconf 83' lang='lat' dir='ltr'><strong>presenti</strong></span> <span class='ocrx_word' id='word_1_341' title='bbox 825 216 850 242; x_wconf 85' lang='lat' dir='ltr'><strong>a</strong></span> <span class='ocrx_word' id='word_1_342' title='bbox 887 192 1094 251; x_wconf 71' lang='lat' dir='ltr'><strong>conti-atti,</strong></span> <span class='ocrx_word' id='word_1_343' title='bbox 1118 191 1320 241; x_wconf 80' lang='lat' dir='ltr'><strong>stendere</strong></span> <span class='ocrx_word' id='word_1_344' title='bbox 1359 205 1606 252; x_wconf 75' lang='lat' dir='ltr'><strong>testamenti,</strong></span> 
     </span>
     <span class='ocr_line' id='line_1_68' title="bbox 228 262 1611 332; baseline 0.002 -32"><span class='ocrx_word' id='word_1_345' title='bbox 228 262 377 308; x_wconf 83' lang='lat' dir='ltr'><strong>carichi</strong></span> <span class='ocrx_word' id='word_1_346' title='bbox 401 262 444 300; x_wconf 83' lang='lat' dir='ltr'><strong>di</strong></span> <span class='ocrx_word' id='word_1_347' title='bbox 466 262 532 301; x_wconf 81' lang='lat' dir='ltr'><strong>far</strong></span> <span class='ocrx_word' id='word_1_348' title='bbox 557 263 778 313; x_wconf 83' lang='lat' dir='ltr'><strong>eseguirli,</strong></span> <span class='ocrx_word' id='word_1_349' title='bbox 794 275 816 301; x_wconf 93' lang='lat' dir='ltr'><strong>e</strong></span> <span class='ocrx_word' id='word_1_350' title='bbox 841 275 960 312; x_wconf 84' lang='lat' dir='ltr'><strong>oprar</strong></span> <span class='ocrx_word' id='word_1_351' title='bbox 989 263 1090 300; x_wconf 82' lang='lat' dir='ltr'><strong>altro</strong></span> <span class='ocrx_word' id='word_1_352' title='bbox 1116 274 1208 301; x_wconf 85' lang='lat' dir='ltr'><strong>cose</strong></span> <span class='ocrx_word' id='word_1_353' title='bbox 1233 264 1307 301; x_wconf 86' lang='lat' dir='ltr'><strong>che</strong></span> <span class='ocrx_word' id='word_1_354' title='bbox 1337 276 1444 332; x_wconf 68' lang='lat' dir='ltr'><strong>poco</strong></span> <span class='ocrx_word' id='word_1_355' title='bbox 1465 264 1500 302; x_wconf 90' lang='lat' dir='ltr'><strong>si</strong></span> <span class='ocrx_word' id='word_1_356' title='bbox 1526 277 1611 303; x_wconf 88' lang='lat' dir='ltr'><strong>con-</strong></span> 
     </span>
    </p>
   </div>
   <div class='ocr_carea' id='block_1_11' title="bbox 1423 302 1657 319">
    <p class='ocr_par' dir='ltr' id='par_1_11' title="bbox 1423 302 1657 319">
     <span class='ocr_line' id='line_1_69' title="bbox 1423 302 1657 319; baseline 0 -3"><span class='ocrx_word' id='word_1_357' title='bbox 1423 314 1427 316; x_wconf 67' lang='grc'>,</span> <span class='ocrx_word' id='word_1_358' title='bbox 1434 314 1467 317; x_wconf 38' lang='lat' dir='ltr'><strong>„n</strong></span> <span class='ocrx_word' id='word_1_359' title='bbox 1478 302 1657 319; x_wconf 46' lang='lat' dir='ltr'><strong>&lt;qm-...0⁶⁴</strong></span> 
     </span>
    </p>
   </div>
   <div class='ocr_carea' id='block_1_12' title="bbox 11 322 1617 799">
    <p class='ocr_par' dir='ltr' id='par_1_12' title="bbox 11 322 1617 799">
     <span class='ocr_line' id='line_1_70' title="bbox 280 322 1613 373; baseline 0.002 -13"><span class='ocrx_word' id='word_1_360' title='bbox 280 340 287 360; x_wconf 71' lang='grc' dir='ltr'><strong>ι,</strong></span> <span class='ocrx_word' id='word_1_361' title='bbox 333 322 488 361; x_wconf 82' lang='lat' dir='ltr'><strong>filosofi.</strong></span> <span class='ocrx_word' id='word_1_362' title='bbox 525 323 635 362; x_wconf 86' lang='lat' dir='ltr'><strong>Onde</strong></span> <span class='ocrx_word' id='word_1_363' title='bbox 669 324 811 361; x_wconf 88' lang='lat' dir='ltr'><strong>aviene</strong></span> <span class='ocrx_word' id='word_1_364' title='bbox 846 324 918 362; x_wconf 89' lang='lat' dir='ltr'><strong>che</strong></span> <span class='ocrx_word' id='word_1_365' title='bbox 956 324 1033 361; x_wconf 89' lang='lat' dir='ltr'><strong>alle</strong></span> <span class='ocrx_word' id='word_1_366' title='bbox 1071 324 1180 361; x_wconf 86' lang='lat' dir='ltr'><strong>volte</strong></span> <span class='ocrx_word' id='word_1_367' title='bbox 1214 336 1398 372; x_wconf 90' lang='lat' dir='ltr'><strong>vengono</strong></span> <span class='ocrx_word' id='word_1_368' title='bbox 1431 324 1475 362; x_wconf 90' lang='grc'><strong>111</strong></span> <span class='ocrx_word' id='word_1_369' title='bbox 1509 337 1613 373; x_wconf 85' lang='lat' dir='ltr'><strong>gran</strong></span> 
     </span>
     <span class='ocr_line' id='line_1_71' title="bbox 116 382 1615 432; baseline 0.001 -13"><span class='ocrx_word' id='word_1_370' title='bbox 116 400 145 415; x_wconf 72' lang='grc' dir='ltr'><strong>ιι</strong></span> <span class='ocrx_word' id='word_1_371' title='bbox 182 382 247 420; x_wconf 82' lang='lat' dir='ltr'><strong>del</strong></span> <span class='ocrx_word' id='word_1_372' title='bbox 271 382 402 431; x_wconf 86' lang='lat' dir='ltr'><strong>volgo,</strong></span> <span class='ocrx_word' id='word_1_373' title='bbox 430 395 451 420; x_wconf 89' lang='grc'><strong>8</strong></span> <span class='ocrx_word' id='word_1_374' title='bbox 476 387 590 420; x_wconf 88' lang='lat' dir='ltr'><strong>tanto</strong></span> <span class='ocrx_word' id='word_1_375' title='bbox 617 384 652 422; x_wconf 83' lang='lat' dir='ltr'><strong>si</strong></span> <span class='ocrx_word' id='word_1_376' title='bbox 677 384 880 432; x_wconf 87' lang='lat' dir='ltr'><strong>gonfiano,</strong></span> <span class='ocrx_word' id='word_1_377' title='bbox 900 384 973 421; x_wconf 90' lang='lat' dir='ltr'><strong>che</strong></span> <span class='ocrx_word' id='word_1_378' title='bbox 992 383 1225 420; x_wconf 82' lang='lat' dir='ltr'><strong>caminando</strong></span> <span class='ocrx_word' id='word_1_379' title='bbox 1243 383 1477 421; x_wconf 84' lang='lat' dir='ltr'><strong>desiderano</strong></span> <span class='ocrx_word' id='word_1_380' title='bbox 1503 384 1615 421; x_wconf 79' lang='lat' dir='ltr'><strong>dalla</strong></span> 
     </span>
     <span class='ocr_line' id='line_1_72' title="bbox 69 442 1617 498; baseline 0 -17"><span class='ocrx_word' id='word_1_381' title='bbox 69 483 89 498; x_wconf 61' lang='lat'><strong>,⁴</strong></span> <span class='ocrx_word' id='word_1_382' title='bbox 115 442 165 481; x_wconf 83' lang='lat' dir='ltr'><strong>be</strong></span> <span class='ocrx_word' id='word_1_383' title='bbox 190 444 538 493; x_wconf 61' lang='lat' dir='ltr'><strong>esseremostrati</strong></span> <span class='ocrx_word' id='word_1_384' title='bbox 562 457 586 481; x_wconf 84' lang='lat' dir='ltr'><strong>a</strong></span> <span class='ocrx_word' id='word_1_385' title='bbox 612 443 718 491; x_wconf 72' lang='lat' dir='ltr'><strong>dite,-</strong></span> <span class='ocrx_word' id='word_1_386' title='bbox 719 455 762 481; x_wconf 93' lang='grc'><strong>8</strong></span> <span class='ocrx_word' id='word_1_387' title='bbox 765 444 808 481; x_wconf 84' lang='lat' dir='ltr'><strong>di</strong></span> <span class='ocrx_word' id='word_1_388' title='bbox 819 444 987 481; x_wconf 87' lang='lat' dir='ltr'><strong>lontano</strong></span> <span class='ocrx_word' id='word_1_389' title='bbox 1003 443 1119 480; x_wconf 86' lang='lat' dir='ltr'><strong>udire</strong></span> <span class='ocrx_word' id='word_1_390' title='bbox 1143 444 1227 483; x_wconf 87' lang='grc'>8118</span> <span class='ocrx_word' id='word_1_391' title='bbox 1237 443 1272 480; x_wconf 82' lang='grc'><strong>81</strong></span> <span class='ocrx_word' id='word_1_392' title='bbox 1290 443 1379 481; x_wconf 86' lang='lat' dir='ltr'><strong>dica</strong></span> <span class='ocrx_word' id='word_1_393' title='bbox 1404 444 1478 481; x_wconf 84' lang='lat' dir='ltr'><strong>che</strong></span> <span class='ocrx_word' id='word_1_394' title='bbox 1497 444 1617 481; x_wconf 86' lang='lat' dir='ltr'><strong>siano</strong></span> 
     </span>
     <span class='ocr_line' id='line_1_73' title="bbox 40 489 1614 564; baseline -0.001 -24"><span class='ocrx_word' id='word_1_395' title='bbox 40 489 177 564; x_wconf 51' lang='lat' dir='ltr'><strong>gran</strong></span> <span class='ocrx_word' id='word_1_396' title='bbox 175 503 360 550; x_wconf 84' lang='lat' dir='ltr'><strong>maestri;</strong></span> <span class='ocrx_word' id='word_1_397' title='bbox 387 503 471 540; x_wconf 84' lang='lat' dir='ltr'><strong>indi</strong></span> <span class='ocrx_word' id='word_1_398' title='bbox 494 504 642 541; x_wconf 83' lang='lat' dir='ltr'><strong>vedere</strong></span> <span class='ocrx_word' id='word_1_399' title='bbox 669 504 741 540; x_wconf 90' lang='lat' dir='ltr'><strong>che</strong></span> <span class='ocrx_word' id='word_1_400' title='bbox 766 503 781 539; x_wconf 87' lang='lat' dir='ltr'><strong>i</strong></span> <span class='ocrx_word' id='word_1_401' title='bbox 804 503 1013 552; x_wconf 85' lang='lat' dir='ltr'><strong>principali</strong></span> <span class='ocrx_word' id='word_1_402' title='bbox 1039 503 1143 540; x_wconf 86' lang='lat' dir='ltr'><strong>della</strong></span> <span class='ocrx_word' id='word_1_403' title='bbox 1169 503 1270 539; x_wconf 75' lang='lat' dir='ltr'><strong>citta</strong></span> <span class='ocrx_word' id='word_1_404' title='bbox 1293 503 1396 540; x_wconf 87' lang='lat' dir='ltr'><strong>nelle</strong></span> <span class='ocrx_word' id='word_1_405' title='bbox 1426 502 1558 551; x_wconf 87' lang='lat' dir='ltr'><strong>piazze</strong></span> <span class='ocrx_word' id='word_1_406' title='bbox 1577 502 1614 540; x_wconf 78' lang='lat' dir='ltr'><strong>si</strong></span> 
     </span>
     <span class='ocr_line' id='line_1_74' title="bbox 65 560 1614 611; baseline -0.001 -9.999"><span class='ocrx_word' id='word_1_407' title='bbox 65 562 182 602; x_wconf 74' lang='lat' dir='ltr'><strong>&#39;ovino</strong></span> <span class='ocrx_word' id='word_1_408' title='bbox 201 575 225 599; x_wconf 88' lang='lat' dir='ltr'><strong>a</strong></span> <span class='ocrx_word' id='word_1_409' title='bbox 260 575 305 599; x_wconf 88' lang='lat' dir='ltr'><strong>ar</strong></span> <span class='ocrx_word' id='word_1_410' title='bbox 337 575 406 599; x_wconf 89' lang='lat' dir='ltr'><strong>oro</strong></span> <span class='ocrx_word' id='word_1_411' title='bbox 422 563 638 611; x_wconf 85' lang='lat' dir='ltr'><strong>riverenza,</strong></span> <span class='ocrx_word' id='word_1_412' title='bbox 667 560 935 600; x_wconf 81' lang='lat' dir='ltr'><strong>chiaman&#39;doli</strong></span> <span class='ocrx_word' id='word_1_413' title='bbox 959 562 1128 599; x_wconf 82' lang='lat' dir='ltr'><strong>Maestri</strong></span> <span class='ocrx_word' id='word_1_414' title='bbox 1154 563 1328 611; x_wconf 81' lang='lat' dir='ltr'><strong>(Rabbz&#39;),</strong></span> <span class='ocrx_word' id='word_1_415' title='bbox 1356 561 1614 607; x_wconf 76' lang='lat' dir='ltr'><strong>salutandoli,</strong></span> 
     </span>
     <span class='ocr_line' id='line_1_75' title="bbox 47 619 1616 675; baseline -0.001 -15"><span class='ocrx_word' id='word_1_416' title='bbox 47 619 299 675; x_wconf 52' lang='lat' dir='ltr'><strong>invitandoli,</strong></span> <span class='ocrx_word' id='word_1_417' title='bbox 325 623 608 671; x_wconf 84' lang='lat' dir='ltr'><strong>preponendoli</strong></span> <span class='ocrx_word' id='word_1_418' title='bbox 625 636 649 660; x_wconf 88' lang='lat' dir='ltr'><strong>a</strong></span> <span class='ocrx_word' id='word_1_419' title='bbox 666 623 762 671; x_wconf 85' lang='lat' dir='ltr'><strong>ogni</strong></span> <span class='ocrx_word' id='word_1_420' title='bbox 779 623 892 669; x_wconf 85' lang='lat' dir='ltr'><strong>altro,</strong></span> <span class='ocrx_word' id='word_1_421' title='bbox 910 622 1145 660; x_wconf 86' lang='lat' dir='ltr'><strong>mettendoli</strong></span> <span class='ocrx_word' id='word_1_422' title='bbox 1171 635 1194 658; x_wconf 81' lang='lat' dir='ltr'><strong>a</strong></span> <span class='ocrx_word' id='word_1_423' title='bbox 1220 635 1318 670; x_wconf 88' lang='lat' dir='ltr'><strong>capo</strong></span> <span class='ocrx_word' id='word_1_424' title='bbox 1340 621 1480 669; x_wconf 86' lang='lat' dir='ltr'><strong>d’ogni</strong></span> <span class='ocrx_word' id='word_1_425' title='bbox 1506 633 1616 658; x_wconf 83' lang='lat' dir='ltr'><strong>cosa.</strong></span> 
     </span>
     <span class='ocr_line' id='line_1_76' title="bbox 14 681 1616 735; baseline -0.003 -12"><span class='ocrx_word' id='word_1_426' title='bbox 14 681 131 735; x_wconf 30' lang='lat'><strong>*1³0²*</strong></span> <span class='ocrx_word' id='word_1_427' title='bbox 154 686 310 731; x_wconf 84' lang='lat' dir='ltr'><strong>questo,</strong></span> <span class='ocrx_word' id='word_1_428' title='bbox 338 695 456 720; x_wconf 84' lang='lat' dir='ltr'><strong>senza</strong></span> <span class='ocrx_word' id='word_1_429' title='bbox 481 695 658 721; x_wconf 84' lang='lat' dir='ltr'><strong>nessuna</strong></span> <span class='ocrx_word' id='word_1_430' title='bbox 684 682 1004 720; x_wconf 81' lang='lat' dir='ltr'><strong>considerazione</strong></span> <span class='ocrx_word' id='word_1_431' title='bbox 1030 687 1136 719; x_wconf 83' lang='lat' dir='ltr'><strong>tutto</strong></span> <span class='ocrx_word' id='word_1_432' title='bbox 1171 694 1304 728; x_wconf 85' lang='lat' dir='ltr'><strong>osano,</strong></span> <span class='ocrx_word' id='word_1_433' title='bbox 1331 682 1382 720; x_wconf 77' lang='lat' dir='ltr'><strong>ne</strong></span> <span class='ocrx_word' id='word_1_434' title='bbox 1409 682 1444 719; x_wconf 90' lang='lat' dir='ltr'><strong>si</strong></span> <span class='ocrx_word' id='word_1_435' title='bbox 1468 692 1616 730; x_wconf 85' lang='lat' dir='ltr'><strong>vergo-</strong></span> 
     </span>
     <span class='ocr_line' id='line_1_77' title="bbox 11 735 1615 799; baseline -0.002 -19"><span class='ocrx_word' id='word_1_436' title='bbox 11 735 185 799; x_wconf 45' lang='lat' dir='ltr'><strong>{gnane</strong></span> <span class='ocrx_word' id='word_1_437' title='bbox 209 743 434 780; x_wconf 82' lang='lat' dir='ltr'><strong>nell&#39;altrui</strong></span> <span class='ocrx_word' id='word_1_438' title='bbox 458 743 574 780; x_wconf 85' lang='lat' dir='ltr'><strong>biade</strong></span> <span class='ocrx_word' id='word_1_439' title='bbox 599 755 714 791; x_wconf 85' lang='lat' dir='ltr'><strong>porre</strong></span> <span class='ocrx_word' id='word_1_440' title='bbox 739 743 777 779; x_wconf 86' lang='lat' dir='ltr'><strong>le</strong></span> <span class='ocrx_word' id='word_1_441' title='bbox 794 743 879 779; x_wconf 87' lang='lat' dir='ltr'><strong>loro</strong></span> <span class='ocrx_word' id='word_1_442' title='bbox 905 741 1032 778; x_wconf 83' lang='lat' dir='ltr'><strong>falci.¹</strong></span> <span class='ocrx_word' id='word_1_443' title='bbox 1060 742 1110 778; x_wconf 87' lang='lat' dir='ltr'><strong>Di</strong></span> <span class='ocrx_word' id='word_1_444' title='bbox 1138 742 1210 778; x_wconf 88' lang='lat' dir='ltr'><strong>che</strong></span> <span class='ocrx_word' id='word_1_445' title='bbox 1236 741 1377 778; x_wconf 84' lang='lat' dir='ltr'><strong>aviene</strong></span> <span class='ocrx_word' id='word_1_446' title='bbox 1396 755 1417 777; x_wconf 87' lang='lat'>»</span> <span class='ocrx_word' id='word_1_447' title='bbox 1444 741 1615 778; x_wconf 83' lang='lat' dir='ltr'><strong>sforzan-</strong></span> 
     </span>
    </p>
   </div>
   <div class='ocr_carea' id='block_1_13' title="bbox 865 909 1616 943">
    <p class='ocr_par' dir='ltr' id='par_1_13' title="bbox 865 909 1616 943">
     <span class='ocr_line' id='line_1_78' title="bbox 865 909 1616 943; baseline -0.003 -5"><span class='ocrx_word' id='word_1_448' title='bbox 865 911 1117 938; x_wconf 76' lang='lat' dir='ltr'><strong>ClunIacensium</strong></span> <span class='ocrx_word' id='word_1_449' title='bbox 1144 910 1275 936; x_wconf 77' lang='lat' dir='ltr'><strong>induunt</strong></span> <span class='ocrx_word' id='word_1_450' title='bbox 1306 914 1336 936; x_wconf 91' lang='lat' dir='ltr'><strong>et</strong></span> <span class='ocrx_word' id='word_1_451' title='bbox 1366 909 1419 943; x_wconf 86' lang='lat' dir='ltr'><strong>qui</strong></span> <span class='ocrx_word' id='word_1_452' title='bbox 1445 910 1616 943; x_wconf 81' lang='lat' dir='ltr'><strong>dignantur</strong></span> 
     </span>
    </p>
   </div>
   <div class='ocr_carea' id='block_1_14' title="bbox 866 951 1667 985">
    <p class='ocr_par' dir='ltr' id='par_1_14' title="bbox 866 951 1667 985">
     <span class='ocr_line' id='line_1_79' title="bbox 866 951 1667 985; baseline -0.001 -6"><span class='ocrx_word' id='word_1_453' title='bbox 866 959 933 979; x_wconf 84' lang='lat' dir='ltr'><strong>esse</strong></span> <span class='ocrx_word' id='word_1_454' title='bbox 954 952 1104 985; x_wconf 87' lang='lat' dir='ltr'><strong>canonici,</strong></span> <span class='ocrx_word' id='word_1_455' title='bbox 1126 953 1301 985; x_wconf 81' lang='lat' dir='ltr'><strong>gloriantur</strong></span> <span class='ocrx_word' id='word_1_456' title='bbox 1322 953 1355 978; x_wconf 92' lang='lat' dir='ltr'><strong>in</strong></span> <span class='ocrx_word' id='word_1_457' title='bbox 1377 952 1476 978; x_wconf 90' lang='lat' dir='ltr'><strong>laneis</strong></span> <span class='ocrx_word' id='word_1_458' title='bbox 1499 951 1615 978; x_wconf 84' lang='lat' dir='ltr'><strong>tunicis</strong></span> <span class='ocrx_word' id='word_1_459' title='bbox 1661 962 1667 968; x_wconf 91' lang='lat'>-</span> 
     </span>
    </p>
   </div>
   <div class='ocr_carea' id='block_1_15' title="bbox 864 994 1624 2827">
    <p class='ocr_par' dir='ltr' id='par_1_15' title="bbox 864 994 1624 2827">
     <span class='ocr_line' id='line_1_80' title="bbox 864 994 1614 1028; baseline 0 -8"><span class='ocrx_word' id='word_1_460' title='bbox 864 998 894 1020; x_wconf 89' lang='lat' dir='ltr'><strong>et</strong></span> <span class='ocrx_word' id='word_1_461' title='bbox 913 994 1045 1028; x_wconf 87' lang='lat' dir='ltr'><strong>pellibus</strong></span> <span class='ocrx_word' id='word_1_462' title='bbox 1066 994 1201 1026; x_wconf 82' lang='lat' dir='ltr'><strong>agninis.</strong></span> <span class='ocrx_word' id='word_1_463' title='bbox 1223 994 1361 1020; x_wconf 89' lang='lat' dir='ltr'><strong>Veniunt</strong></span> <span class='ocrx_word' id='word_1_464' title='bbox 1380 994 1509 1020; x_wconf 87' lang='lat' dir='ltr'><strong>enimin</strong></span> <span class='ocrx_word' id='word_1_465' title='bbox 1522 994 1614 1021; x_wconf 78' lang='lat' dir='ltr'><strong>vesti-</strong></span> 
     </span>
     <span class='ocr_line' id='line_1_81' title="bbox 864 1035 1613 1069; baseline -0.001 -7"><span class='ocrx_word' id='word_1_466' title='bbox 864 1037 977 1063; x_wconf 85' lang='lat' dir='ltr'><strong>mentis</strong></span> <span class='ocrx_word' id='word_1_467' title='bbox 997 1036 1110 1069; x_wconf 83' lang='lat' dir='ltr'><strong>ov1um,</strong></span> <span class='ocrx_word' id='word_1_468' title='bbox 1131 1036 1320 1062; x_wconf 85' lang='lat' dir='ltr'><strong>intrinsecus</strong></span> <span class='ocrx_word' id='word_1_469' title='bbox 1340 1038 1443 1062; x_wconf 90' lang='lat' dir='ltr'><strong>autem</strong></span> <span class='ocrx_word' id='word_1_470' title='bbox 1462 1037 1534 1062; x_wconf 90' lang='lat' dir='ltr'><strong>sunt</strong></span> <span class='ocrx_word' id='word_1_471' title='bbox 1547 1035 1613 1069; x_wconf 87' lang='lat' dir='ltr'><strong>lupi</strong></span> 
     </span>
     <span class='ocr_line' id='line_1_82' title="bbox 864 1077 1615 1112; baseline -0.003 -8"><span class='ocrx_word' id='word_1_472' title='bbox 864 1085 992 1112; x_wconf 85' lang='lat' dir='ltr'><strong>rapaces</strong></span> <span class='ocrx_word' id='word_1_473' title='bbox 1006 1078 1034 1112; x_wconf 78' lang='lat' dir='ltr'><strong>(u</strong></span> <span class='ocrx_word' id='word_1_474' title='bbox 1047 1078 1082 1104; x_wconf 82' lang='lat' dir='ltr'><strong>in</strong></span> <span class='ocrx_word' id='word_1_475' title='bbox 1101 1081 1181 1104; x_wconf 68' lang='lat' dir='ltr'><strong>vecte</strong></span> <span class='ocrx_word' id='word_1_476' title='bbox 1201 1077 1234 1104; x_wconf 81' lang='lat' dir='ltr'><strong>di</strong></span> <span class='ocrx_word' id='word_1_477' title='bbox 1250 1080 1369 1110; x_wconf 75' lang='lat' dir='ltr'><strong>pastor,</strong></span> <span class='ocrx_word' id='word_1_478' title='bbox 1386 1078 1452 1110; x_wconf 77' lang='lat' dir='ltr'><strong>lupi</strong></span> <span class='ocrx_word' id='word_1_479' title='bbox 1467 1077 1574 1110; x_wconf 74' lang='lat' dir='ltr'><strong>rapaci</strong></span> <span class='ocrx_word' id='word_1_480' title='bbox 1587 1087 1615 1110; x_wconf 77' lang='lat' dir='ltr'><strong>n,</strong></span> 
     </span>
     <span class='ocr_line' id='line_1_83' title="bbox 864 1119 1616 1153; baseline -0.001 -7"><span class='ocrx_word' id='word_1_481' title='bbox 864 1119 993 1153; x_wconf 60' lang='lat' dir='ltr'><strong>Par-ad„</strong></span> <span class='ocrx_word' id='word_1_482' title='bbox 1012 1126 1102 1153; x_wconf 84' lang='lat' dir='ltr'><strong>xxm,</strong></span> <span class='ocrx_word' id='word_1_483' title='bbox 1116 1120 1180 1153; x_wconf 80' lang='lat'>57):</span> <span class='ocrx_word' id='word_1_484' title='bbox 1196 1119 1260 1153; x_wconf 85' lang='lat' dir='ltr'><strong>sed,</strong></span> <span class='ocrx_word' id='word_1_485' title='bbox 1276 1122 1309 1145; x_wconf 89' lang='lat' dir='ltr'><strong>ut</strong></span> <span class='ocrx_word' id='word_1_486' title='bbox 1325 1120 1369 1145; x_wconf 86' lang='lat' dir='ltr'><strong>ait</strong></span> <span class='ocrx_word' id='word_1_487' title='bbox 1380 1119 1542 1152; x_wconf 88' lang='lat' dir='ltr'><strong>Dominus,</strong></span> <span class='ocrx_word' id='word_1_488' title='bbox 1555 1120 1616 1146; x_wconf 91' lang='lat' dir='ltr'><strong>evi-</strong></span> 
     </span>
     <span class='ocr_line' id='line_1_84' title="bbox 864 1161 1610 1194; baseline -0.001 -6"><span class='ocrx_word' id='word_1_489' title='bbox 864 1162 1044 1188; x_wconf 85' lang='lat' dir='ltr'><strong>dentissime</strong></span> <span class='ocrx_word' id='word_1_490' title='bbox 1064 1165 1288 1194; x_wconf 86' lang='lat' dir='ltr'><strong>cognoscuntur</strong></span> <span class='ocrx_word' id='word_1_491' title='bbox 1309 1169 1326 1187; x_wconf 87' lang='lat' dir='ltr'><strong>a</strong></span> <span class='ocrx_word' id='word_1_492' title='bbox 1346 1161 1496 1188; x_wconf 78' lang='lat' dir='ltr'><strong>fructibus</strong></span> <span class='ocrx_word' id='word_1_493' title='bbox 1510 1161 1610 1188; x_wconf 84' lang='lat' dir='ltr'><strong>suis...</strong></span> 
     </span>
     <span class='ocr_line' id='line_1_85' title="bbox 865 1203 1616 1236; baseline -0.001 -7"><span class='ocrx_word' id='word_1_494' title='bbox 865 1203 916 1230; x_wconf 82' lang='lat' dir='ltr'><strong>Sic</strong></span> <span class='ocrx_word' id='word_1_495' title='bbox 931 1206 961 1229; x_wconf 89' lang='lat' dir='ltr'><strong>et</strong></span> <span class='ocrx_word' id='word_1_496' title='bbox 973 1203 1154 1236; x_wconf 81' lang='lat' dir='ltr'><strong>hypocritae</strong></span> <span class='ocrx_word' id='word_1_497' title='bbox 1168 1203 1207 1229; x_wconf 89' lang='lat' dir='ltr'><strong>ad</strong></span> <span class='ocrx_word' id='word_1_498' title='bbox 1219 1203 1419 1236; x_wconf 81' lang='lat' dir='ltr'><strong>supercilium</strong></span> <span class='ocrx_word' id='word_1_499' title='bbox 1433 1203 1616 1229; x_wconf 84' lang='lat' dir='ltr'><strong>Pharisaeo-</strong></span> 
     </span>
     <span class='ocr_line' id='line_1_86' title="bbox 866 1239 1616 1278; baseline -0.001 -7"><span class='ocrx_word' id='word_1_500' title='bbox 866 1253 935 1271; x_wconf 90' lang='lat' dir='ltr'><strong>rum</strong></span> <span class='ocrx_word' id='word_1_501' title='bbox 953 1245 1144 1277; x_wconf 80' lang='lat' dir='ltr'><strong>consugiunt,</strong></span> <span class='ocrx_word' id='word_1_502' title='bbox 1171 1245 1339 1271; x_wconf 78' lang='lat' dir='ltr'><strong>dilatantes</strong></span> <span class='ocrx_word' id='word_1_503' title='bbox 1364 1239 1616 1278; x_wconf 68' lang='lat' dir='ltr'><strong>phylacteria&#39;et</strong></span> 
     </span>
     <span class='ocr_line' id='line_1_87' title="bbox 867 1286 1612 1319; baseline -0.001 -6"><span class='ocrx_word' id='word_1_504' title='bbox 867 1287 1100 1319; x_wconf 82' lang='lat' dir='ltr'><strong>magnificantes</strong></span> <span class='ocrx_word' id='word_1_505' title='bbox 1119 1286 1272 1319; x_wconf 73' lang='lat' dir='ltr'><strong>fimbrias,</strong></span> <span class='ocrx_word' id='word_1_506' title='bbox 1290 1289 1319 1312; x_wconf 84' lang='lat' dir='ltr'><strong>et</strong></span> <span class='ocrx_word' id='word_1_507' title='bbox 1332 1294 1411 1319; x_wconf 89' lang='lat' dir='ltr'><strong>quae</strong></span> <span class='ocrx_word' id='word_1_508' title='bbox 1425 1286 1459 1312; x_wconf 87' lang='lat' dir='ltr'><strong>in</strong></span> <span class='ocrx_word' id='word_1_509' title='bbox 1471 1287 1539 1318; x_wconf 90' lang='lat' dir='ltr'><strong>lege</strong></span> <span class='ocrx_word' id='word_1_510' title='bbox 1552 1286 1612 1312; x_wconf 90' lang='lat' dir='ltr'><strong>Dei</strong></span> 
     </span>
     <span class='ocr_line' id='line_1_88' title="bbox 868 1328 1612 1362; baseline -0.003 -7"><span class='ocrx_word' id='word_1_511' title='bbox 868 1329 984 1362; x_wconf 87' lang='lat' dir='ltr'><strong>scripta</strong></span> <span class='ocrx_word' id='word_1_512' title='bbox 1005 1332 1086 1361; x_wconf 87' lang='lat' dir='ltr'><strong>sunt,</strong></span> <span class='ocrx_word' id='word_1_513' title='bbox 1107 1328 1217 1354; x_wconf 86' lang='lat' dir='ltr'><strong>nolunt</strong></span> <span class='ocrx_word' id='word_1_514' title='bbox 1235 1329 1415 1361; x_wconf 85' lang='lat' dir='ltr'><strong>contingere</strong></span> <span class='ocrx_word' id='word_1_515' title='bbox 1428 1328 1536 1361; x_wconf 87' lang='lat' dir='ltr'><strong>digito,</strong></span> <span class='ocrx_word' id='word_1_516' title='bbox 1549 1328 1612 1354; x_wconf 86' lang='lat' dir='ltr'><strong>nisi</strong></span> 
     </span>
     <span class='ocr_line' id='line_1_89' title="bbox 866 1369 1612 1402; baseline -0.001 -6"><span class='ocrx_word' id='word_1_517' title='bbox 866 1373 901 1396; x_wconf 87' lang='lat' dir='ltr'><strong>ut</strong></span> <span class='ocrx_word' id='word_1_518' title='bbox 918 1371 1083 1396; x_wconf 84' lang='lat' dir='ltr'><strong>videantur</strong></span> <span class='ocrx_word' id='word_1_519' title='bbox 1103 1370 1142 1396; x_wconf 87' lang='lat' dir='ltr'><strong>ab</strong></span> <span class='ocrx_word' id='word_1_520' title='bbox 1162 1369 1348 1402; x_wconf 86' lang='lat' dir='ltr'><strong>hominibus,</strong></span> <span class='ocrx_word' id='word_1_521' title='bbox 1363 1377 1382 1396; x_wconf 90' lang='lat' dir='ltr'><strong>a</strong></span> <span class='ocrx_word' id='word_1_522' title='bbox 1395 1369 1505 1402; x_wconf 85' lang='lat' dir='ltr'><strong>quibus</strong></span> <span class='ocrx_word' id='word_1_523' title='bbox 1519 1369 1612 1395; x_wconf 85' lang='lat' dir='ltr'><strong>hono-</strong></span> 
     </span>
     <span class='ocr_line' id='line_1_90' title="bbox 867 1411 1613 1442; baseline 0 -5"><span class='ocrx_word' id='word_1_524' title='bbox 867 1412 910 1437; x_wconf 88' lang='lat' dir='ltr'><strong>ris</strong></span> <span class='ocrx_word' id='word_1_525' title='bbox 933 1415 986 1438; x_wconf 88' lang='lat' dir='ltr'><strong>aut</strong></span> <span class='ocrx_word' id='word_1_526' title='bbox 1008 1411 1136 1442; x_wconf 77' lang='lat' dir='ltr'><strong>alterius</strong></span> <span class='ocrx_word' id='word_1_527' title='bbox 1159 1411 1417 1437; x_wconf 86' lang='lat' dir='ltr'><strong>remunerationis</strong></span> <span class='ocrx_word' id='word_1_528' title='bbox 1440 1411 1613 1437; x_wconf 80' lang='lat' dir='ltr'><strong>mercedem</strong></span> 
     </span>
     <span class='ocr_line' id='line_1_91' title="bbox 868 1453 1613 1486; baseline -0.001 -7"><span class='ocrx_word' id='word_1_529' title='bbox 868 1456 1055 1486; x_wconf 81' lang='lat' dir='ltr'><strong>exspectant.</strong></span> <span class='ocrx_word' id='word_1_530' title='bbox 1076 1453 1153 1479; x_wconf 90' lang='lat' dir='ltr'><strong>Inde</strong></span> <span class='ocrx_word' id='word_1_531' title='bbox 1175 1455 1230 1485; x_wconf 88' lang='lat' dir='ltr'><strong>est,</strong></span> <span class='ocrx_word' id='word_1_532' title='bbox 1251 1453 1332 1485; x_wconf 89' lang='lat' dir='ltr'><strong>quod</strong></span> <span class='ocrx_word' id='word_1_533' title='bbox 1357 1453 1436 1479; x_wconf 80' lang='lat' dir='ltr'><strong>facie</strong></span> <span class='ocrx_word' id='word_1_534' title='bbox 1461 1453 1613 1485; x_wconf 88' lang='lat' dir='ltr'><strong>pallorem</strong></span> 
     </span>
     <span class='ocr_line' id='line_1_92' title="bbox 868 1494 1622 1528; baseline -0.001 -7"><span class='ocrx_word' id='word_1_535' title='bbox 868 1498 1035 1527; x_wconf 87' lang='lat' dir='ltr'><strong>ostentant,</strong></span> <span class='ocrx_word' id='word_1_536' title='bbox 1050 1495 1202 1528; x_wconf 82' lang='lat' dir='ltr'><strong>profunda</strong></span> <span class='ocrx_word' id='word_1_537' title='bbox 1211 1495 1249 1521; x_wconf 83' lang='lat' dir='ltr'><strong>ab</strong></span> <span class='ocrx_word' id='word_1_538' title='bbox 1261 1502 1317 1521; x_wconf 89' lang='lat' dir='ltr'><strong>usu</strong></span> <span class='ocrx_word' id='word_1_539' title='bbox 1330 1495 1457 1520; x_wconf 83' lang='lat' dir='ltr'><strong>trahunt</strong></span> <span class='ocrx_word' id='word_1_540' title='bbox 1467 1494 1601 1528; x_wconf 86' lang='lat' dir='ltr'><strong>suspiria</strong></span> <span class='ocrx_word' id='word_1_541' title='bbox 1610 1513 1622 1528; x_wconf 76' lang='lat'><strong>,</strong></span> 
     </span>
     <span class='ocr_line' id='line_1_93' title="bbox 868 1536 1615 1570; baseline -0.001 -7"><span class='ocrx_word' id='word_1_542' title='bbox 868 1537 1042 1563; x_wconf 79' lang='lat' dir='ltr'><strong>artificiosis</strong></span> <span class='ocrx_word' id='word_1_543' title='bbox 1062 1539 1093 1563; x_wconf 90' lang='lat' dir='ltr'><strong>et</strong></span> <span class='ocrx_word' id='word_1_544' title='bbox 1113 1537 1350 1570; x_wconf 82' lang='lat' dir='ltr'><strong>obsequentibus</strong></span> <span class='ocrx_word' id='word_1_545' title='bbox 1373 1536 1541 1570; x_wconf 84' lang='lat' dir='ltr'><strong>lachrymis</strong></span> <span class='ocrx_word' id='word_1_546' title='bbox 1565 1544 1615 1562; x_wconf 88' lang='lat' dir='ltr'><strong>su-</strong></span> 
     </span>
     <span class='ocr_line' id='line_1_94' title="bbox 868 1578 1617 1613; baseline -0.001 -8"><span class='ocrx_word' id='word_1_547' title='bbox 868 1580 932 1605; x_wconf 90' lang='lat' dir='ltr'><strong>bito</strong></span> <span class='ocrx_word' id='word_1_548' title='bbox 952 1579 1155 1613; x_wconf 84' lang='lat' dir='ltr'><strong>inundantur,</strong></span> <span class='ocrx_word' id='word_1_549' title='bbox 1176 1579 1296 1612; x_wconf 86' lang='lat' dir='ltr'><strong>obstipo</strong></span> <span class='ocrx_word' id='word_1_550' title='bbox 1317 1579 1427 1612; x_wconf 90' lang='lat' dir='ltr'><strong>capite,</strong></span> <span class='ocrx_word' id='word_1_551' title='bbox 1447 1578 1617 1605; x_wconf 78' lang='lat' dir='ltr'><strong>luminibus</strong></span> 
     </span>
     <span class='ocr_line' id='line_1_95' title="bbox 868 1621 1619 1654; baseline 0 -8"><span class='ocrx_word' id='word_1_552' title='bbox 868 1622 968 1648; x_wconf 87' lang='lat' dir='ltr'><strong>interc</strong></span> <span class='ocrx_word' id='word_1_553' title='bbox 1002 1621 1055 1654; x_wconf 88' lang='lat' dir='ltr'><strong>sis,</strong></span> <span class='ocrx_word' id='word_1_554' title='bbox 1076 1628 1164 1647; x_wconf 87' lang='lat' dir='ltr'><strong>coma</strong></span> <span class='ocrx_word' id='word_1_555' title='bbox 1188 1621 1287 1654; x_wconf 86' lang='lat' dir='ltr'><strong>brevi,</strong></span> <span class='ocrx_word' id='word_1_556' title='bbox 1314 1621 1414 1654; x_wconf 88' lang='lat' dir='ltr'><strong>capite</strong></span> <span class='ocrx_word' id='word_1_557' title='bbox 1439 1621 1505 1647; x_wconf 76' lang='lat' dir='ltr'><strong>fere</strong></span> <span class='ocrx_word' id='word_1_558' title='bbox 1530 1627 1619 1654; x_wconf 78' lang='lat' dir='ltr'><strong>raso,</strong></span> 
     </span>
     <span class='ocr_line' id='line_1_96' title="bbox 866 1663 1612 1697; baseline -0.003 -7"><span class='ocrx_word' id='word_1_559' title='bbox 866 1671 941 1690; x_wconf 89' lang='lat' dir='ltr'><strong>voce</strong></span> <span class='ocrx_word' id='word_1_560' title='bbox 981 1664 1105 1697; x_wconf 88' lang='lat' dir='ltr'><strong>emissa,</strong></span> <span class='ocrx_word' id='word_1_561' title='bbox 1119 1663 1212 1690; x_wconf 88' lang='lat' dir='ltr'><strong>labiis</strong></span> <span class='ocrx_word' id='word_1_562' title='bbox 1225 1664 1264 1690; x_wconf 84' lang='lat' dir='ltr'><strong>ab</strong></span> <span class='ocrx_word' id='word_1_563' title='bbox 1280 1664 1421 1690; x_wconf 88' lang='lat' dir='ltr'><strong>oratioue</strong></span> <span class='ocrx_word' id='word_1_564' title='bbox 1433 1663 1612 1695; x_wconf 85' lang='lat' dir='ltr'><strong>mobilibus,</strong></span> 
     </span>
     <span class='ocr_line' id='line_1_97' title="bbox 867 1705 1614 1739; baseline -0.003 -7"><span class='ocrx_word' id='word_1_565' title='bbox 867 1706 989 1732; x_wconf 87' lang='lat' dir='ltr'><strong>incessu</strong></span> <span class='ocrx_word' id='word_1_566' title='bbox 1008 1705 1188 1739; x_wconf 81' lang='lat' dir='ltr'><strong>tranquillo,</strong></span> <span class='ocrx_word' id='word_1_567' title='bbox 1208 1707 1239 1732; x_wconf 90' lang='lat' dir='ltr'><strong>et</strong></span> <span class='ocrx_word' id='word_1_568' title='bbox 1259 1706 1347 1738; x_wconf 86' lang='lat' dir='ltr'><strong>quasi</strong></span> <span class='ocrx_word' id='word_1_569' title='bbox 1361 1712 1469 1738; x_wconf 85' lang='lat' dir='ltr'><strong>gressu</strong></span> <span class='ocrx_word' id='word_1_570' title='bbox 1481 1705 1614 1738; x_wconf 89' lang='lat' dir='ltr'><strong>quadam</strong></span> 
     </span>
     <span class='ocr_line' id='line_1_98' title="bbox 866 1747 1612 1781; baseline -0.003 -7"><span class='ocrx_word' id='word_1_571' title='bbox 866 1748 1067 1781; x_wconf 87' lang='lat' dir='ltr'><strong>proportione</strong></span> <span class='ocrx_word' id='word_1_572' title='bbox 1104 1748 1289 1780; x_wconf 86' lang='lat' dir='ltr'><strong>composito,</strong></span> <span class='ocrx_word' id='word_1_573' title='bbox 1329 1747 1469 1780; x_wconf 87' lang='lat' dir='ltr'><strong>pannosi,</strong></span> <span class='ocrx_word' id='word_1_574' title='bbox 1509 1747 1612 1779; x_wconf 86' lang='lat' dir='ltr'><strong>obsiti,</strong></span> 
     </span>
     <span class='ocr_line' id='line_1_99' title="bbox 869 1788 1620 1824; baseline -0.004 -8"><span class='ocrx_word' id='word_1_575' title='bbox 869 1791 974 1816; x_wconf 89' lang='lat' dir='ltr'><strong>sordes</strong></span> <span class='ocrx_word' id='word_1_576' title='bbox 1005 1790 1147 1824; x_wconf 87' lang='lat' dir='ltr'><strong>vestium,</strong></span> <span class='ocrx_word' id='word_1_577' title='bbox 1181 1792 1212 1815; x_wconf 89' lang='lat' dir='ltr'><strong>et</strong></span> <span class='ocrx_word' id='word_1_578' title='bbox 1242 1789 1419 1816; x_wconf 83' lang='lat' dir='ltr'><strong>affectatam</strong></span> <span class='ocrx_word' id='word_1_579' title='bbox 1450 1788 1620 1815; x_wconf 83' lang='lat' dir='ltr'><strong>vendicant</strong></span> 
     </span>
     <span class='ocr_line' id='line_1_100' title="bbox 867 1831 1620 1865; baseline -0.003 -7"><span class='ocrx_word' id='word_1_580' title='bbox 867 1831 1030 1865; x_wconf 88' lang='lat' dir='ltr'><strong>vilitatem,</strong></span> <span class='ocrx_word' id='word_1_581' title='bbox 1050 1835 1085 1858; x_wconf 86' lang='lat' dir='ltr'><strong>ut</strong></span> <span class='ocrx_word' id='word_1_582' title='bbox 1103 1839 1139 1858; x_wconf 91' lang='lat' dir='ltr'><strong>eo</strong></span> <span class='ocrx_word' id='word_1_583' title='bbox 1159 1831 1282 1858; x_wconf 82' lang='lat' dir='ltr'><strong>facilius</strong></span> <span class='ocrx_word' id='word_1_584' title='bbox 1303 1831 1483 1863; x_wconf 85' lang='lat' dir='ltr'><strong>ascendant,</strong></span> <span class='ocrx_word' id='word_1_585' title='bbox 1504 1837 1562 1862; x_wconf 91' lang='lat' dir='ltr'><strong>quo</strong></span> <span class='ocrx_word' id='word_1_586' title='bbox 1586 1837 1620 1856; x_wconf 87' lang='lat' dir='ltr'><strong>se</strong></span> 
     </span>
     <span class='ocr_line' id='line_1_101' title="bbox 867 1873 1616 1901; baseline -0.005 0"><span class='ocrx_word' id='word_1_587' title='bbox 867 1874 1034 1901; x_wconf 83' lang='lat' dir='ltr'><strong>studiosius</strong></span> <span class='ocrx_word' id='word_1_588' title='bbox 1059 1873 1206 1900; x_wconf 89' lang='lat' dir='ltr'><strong>videntur</strong></span> <span class='ocrx_word' id='word_1_589' title='bbox 1230 1874 1265 1900; x_wconf 90' lang='lat' dir='ltr'><strong>in</strong></span> <span class='ocrx_word' id='word_1_590' title='bbox 1290 1873 1390 1899; x_wconf 85' lang='lat' dir='ltr'><strong>locum</strong></span> <span class='ocrx_word' id='word_1_591' title='bbox 1415 1873 1616 1899; x_wconf 83' lang='lat' dir='ltr'><strong>novissimum</strong></span> 
     </span>
     <span class='ocr_line' id='line_1_102' title="bbox 868 1915 1620 1949; baseline -0.005 -7"><span class='ocrx_word' id='word_1_592' title='bbox 868 1915 1027 1949; x_wconf 86' lang='lat' dir='ltr'><strong>deiecisse,</strong></span> <span class='ocrx_word' id='word_1_593' title='bbox 1059 1918 1090 1942; x_wconf 92' lang='lat' dir='ltr'><strong>et</strong></span> <span class='ocrx_word' id='word_1_594' title='bbox 1119 1916 1172 1948; x_wconf 87' lang='lat' dir='ltr'><strong>qui</strong></span> <span class='ocrx_word' id='word_1_595' title='bbox 1202 1918 1310 1948; x_wconf 89' lang='lat' dir='ltr'><strong>sponte</strong></span> <span class='ocrx_word' id='word_1_596' title='bbox 1339 1922 1395 1941; x_wconf 87' lang='lat' dir='ltr'><strong>sua</strong></span> <span class='ocrx_word' id='word_1_597' title='bbox 1423 1915 1620 1946; x_wconf 76' lang='lat' dir='ltr'><strong>decrescunt„</strong></span> 
     </span>
     <span class='ocr_line' id='line_1_103' title="bbox 869 1955 1614 1990; baseline -0.003 -7"><span class='ocrx_word' id='word_1_598' title='bbox 869 1963 1008 1983; x_wconf 88' lang='lat' dir='ltr'><strong>crescere</strong></span> <span class='ocrx_word' id='word_1_599' title='bbox 1028 1957 1252 1990; x_wconf 85' lang='lat' dir='ltr'><strong>compellantur</strong></span> <span class='ocrx_word' id='word_1_600' title='bbox 1270 1956 1363 1982; x_wconf 85' lang='lat' dir='ltr'><strong>inviti</strong></span> <span class='ocrx_word' id='word_1_601' title='bbox 1375 1973 1383 1981; x_wconf 95' lang='lat'><strong>.</strong></span> <span class='ocrx_word' id='word_1_602' title='bbox 1396 1973 1404 1981; x_wconf 91' lang='lat'><strong>.</strong></span> <span class='ocrx_word' id='word_1_603' title='bbox 1417 1973 1425 1981; x_wconf 91' lang='lat'><strong>.</strong></span> <span class='ocrx_word' id='word_1_604' title='bbox 1437 1974 1445 1981; x_wconf 92' lang='lat'><strong>.</strong></span> <span class='ocrx_word' id='word_1_605' title='bbox 1466 1955 1516 1981; x_wconf 90' lang='lat' dir='ltr'><strong>Ad</strong></span> <span class='ocrx_word' id='word_1_606' title='bbox 1534 1955 1614 1981; x_wconf 87' lang='lat' dir='ltr'><strong>haec</strong></span> 
     </span>
     <span class='ocr_line' id='line_1_104' title="bbox 868 1996 1620 2031; baseline -0.003 -7"><span class='ocrx_word' id='word_1_607' title='bbox 868 1999 1059 2024; x_wconf 87' lang='lat' dir='ltr'><strong>rumusculos</strong></span> <span class='ocrx_word' id='word_1_608' title='bbox 1078 1999 1248 2031; x_wconf 82' lang='lat' dir='ltr'><strong>inquirunt,</strong></span> <span class='ocrx_word' id='word_1_609' title='bbox 1267 1997 1450 2023; x_wconf 85' lang='lat' dir='ltr'><strong>tumultibus</strong></span> <span class='ocrx_word' id='word_1_610' title='bbox 1469 1996 1620 2029; x_wconf 84' lang='lat' dir='ltr'><strong>gaudent,</strong></span> 
     </span>
     <span class='ocr_line' id='line_1_105' title="bbox 869 2038 1615 2073; baseline -0.005 -6"><span class='ocrx_word' id='word_1_611' title='bbox 869 2040 1086 2067; x_wconf 87' lang='lat' dir='ltr'><strong>dissidentium</strong></span> <span class='ocrx_word' id='word_1_612' title='bbox 1104 2042 1226 2066; x_wconf 86' lang='lat' dir='ltr'><strong>secreta</strong></span> <span class='ocrx_word' id='word_1_613' title='bbox 1249 2039 1422 2073; x_wconf 84' lang='lat' dir='ltr'><strong>explorant,</strong></span> <span class='ocrx_word' id='word_1_614' title='bbox 1449 2039 1482 2065; x_wconf 88' lang='lat' dir='ltr'><strong>et</strong></span> <span class='ocrx_word' id='word_1_615' title='bbox 1507 2038 1615 2064; x_wconf 87' lang='lat' dir='ltr'><strong>eadem</strong></span> 
     </span>
     <span class='ocr_line' id='line_1_106' title="bbox 869 2080 1621 2115; baseline -0.004 -7"><span class='ocrx_word' id='word_1_616' title='bbox 869 2089 950 2108; x_wconf 89' lang='lat' dir='ltr'><strong>nunc</strong></span> <span class='ocrx_word' id='word_1_617' title='bbox 970 2082 1008 2108; x_wconf 88' lang='lat' dir='ltr'><strong>ad</strong></span> <span class='ocrx_word' id='word_1_618' title='bbox 1028 2082 1143 2108; x_wconf 87' lang='lat' dir='ltr'><strong>amicos</strong></span> <span class='ocrx_word' id='word_1_619' title='bbox 1163 2081 1334 2115; x_wconf 78' lang='lat' dir='ltr'><strong>perferunt,</strong></span> <span class='ocrx_word' id='word_1_620' title='bbox 1354 2087 1435 2107; x_wconf 89' lang='lat' dir='ltr'><strong>nunc</strong></span> <span class='ocrx_word' id='word_1_621' title='bbox 1449 2080 1488 2106; x_wconf 84' lang='lat' dir='ltr'><strong>ad</strong></span> <span class='ocrx_word' id='word_1_622' title='bbox 1502 2080 1621 2112; x_wconf 87' lang='lat' dir='ltr'><strong>hostes,</strong></span> 
     </span>
     <span class='ocr_line' id='line_1_107' title="bbox 870 2121 1616 2157; baseline -0.004 -7"><span class='ocrx_word' id='word_1_623' title='bbox 870 2124 1009 2156; x_wconf 88' lang='lat' dir='ltr'><strong>utrisque</strong></span> <span class='ocrx_word' id='word_1_624' title='bbox 1035 2123 1126 2157; x_wconf 80' lang='lat' dir='ltr'><strong>grati,</strong></span> <span class='ocrx_word' id='word_1_625' title='bbox 1154 2124 1294 2156; x_wconf 83' lang='lat' dir='ltr'><strong>utrisque</strong></span> <span class='ocrx_word' id='word_1_626' title='bbox 1313 2121 1434 2156; x_wconf 76' lang='lat' dir='ltr'><strong>perfidi,</strong></span> <span class='ocrx_word' id='word_1_627' title='bbox 1454 2122 1551 2154; x_wconf 82' lang='lat' dir='ltr'><strong>magis</strong></span> <span class='ocrx_word' id='word_1_628' title='bbox 1571 2124 1616 2147; x_wconf 89' lang='lat' dir='ltr'><strong>ta-</strong></span> 
     </span>
     <span class='ocr_line' id='line_1_108' title="bbox 869 2163 1623 2198; baseline -0.004 -6"><span class='ocrx_word' id='word_1_629' title='bbox 869 2173 940 2192; x_wconf 88' lang='lat' dir='ltr'><strong>men</strong></span> <span class='ocrx_word' id='word_1_630' title='bbox 960 2165 999 2191; x_wconf 89' lang='lat' dir='ltr'><strong>ad</strong></span> <span class='ocrx_word' id='word_1_631' title='bbox 1017 2165 1078 2192; x_wconf 81' lang='lat' dir='ltr'><strong>ista</strong></span> <span class='ocrx_word' id='word_1_632' title='bbox 1097 2165 1241 2192; x_wconf 88' lang='lat' dir='ltr'><strong>videntur</strong></span> <span class='ocrx_word' id='word_1_633' title='bbox 1261 2165 1377 2198; x_wconf 89' lang='lat' dir='ltr'><strong>idonei,</strong></span> <span class='ocrx_word' id='word_1_634' title='bbox 1397 2164 1472 2197; x_wconf 85' lang='lat' dir='ltr'><strong>quia</strong></span> <span class='ocrx_word' id='word_1_635' title='bbox 1490 2163 1529 2189; x_wconf 88' lang='lat' dir='ltr'><strong>ab</strong></span> <span class='ocrx_word' id='word_1_636' title='bbox 1545 2164 1623 2189; x_wconf 82' lang='lat' dir='ltr'><strong>ima-</strong></span> 
     </span>
     <span class='ocr_line' id='line_1_109' title="bbox 871 2205 1621 2241; baseline -0.004 -8"><span class='ocrx_word' id='word_1_637' title='bbox 871 2208 942 2241; x_wconf 87' lang='lat' dir='ltr'><strong>gine</strong></span> <span class='ocrx_word' id='word_1_638' title='bbox 970 2208 1130 2240; x_wconf 90' lang='lat' dir='ltr'><strong>religionis</strong></span> <span class='ocrx_word' id='word_1_639' title='bbox 1159 2208 1262 2233; x_wconf 87' lang='lat' dir='ltr'><strong>minus</strong></span> <span class='ocrx_word' id='word_1_640' title='bbox 1292 2207 1444 2233; x_wconf 87' lang='lat' dir='ltr'><strong>habentur</strong></span> <span class='ocrx_word' id='word_1_641' title='bbox 1474 2205 1621 2238; x_wconf 87' lang='lat' dir='ltr'><strong>suspecti.</strong></span> 
     </span>
     <span class='ocr_line' id='line_1_110' title="bbox 870 2247 1624 2283; baseline -0.007 -7"><span class='ocrx_word' id='word_1_642' title='bbox 870 2249 952 2280; x_wconf 80' lang='lat' dir='ltr'><strong>Quid</strong></span> <span class='ocrx_word' id='word_1_643' title='bbox 971 2249 1005 2276; x_wconf 89' lang='lat' dir='ltr'><strong>in</strong></span> <span class='ocrx_word' id='word_1_644' title='bbox 1024 2249 1152 2283; x_wconf 86' lang='lat' dir='ltr'><strong>palatio,</strong></span> <span class='ocrx_word' id='word_1_645' title='bbox 1173 2249 1247 2282; x_wconf 89' lang='lat' dir='ltr'><strong>quid</strong></span> <span class='ocrx_word' id='word_1_646' title='bbox 1260 2249 1294 2274; x_wconf 89' lang='lat' dir='ltr'><strong>in</strong></span> <span class='ocrx_word' id='word_1_647' title='bbox 1307 2248 1386 2281; x_wconf 83' lang='lat' dir='ltr'><strong>foro,</strong></span> <span class='ocrx_word' id='word_1_648' title='bbox 1400 2247 1475 2280; x_wconf 85' lang='lat' dir='ltr'><strong>quid</strong></span> <span class='ocrx_word' id='word_1_649' title='bbox 1488 2248 1521 2273; x_wconf 90' lang='lat' dir='ltr'><strong>in</strong></span> <span class='ocrx_word' id='word_1_650' title='bbox 1537 2248 1624 2279; x_wconf 78' lang='lat' dir='ltr'><strong>agris</strong></span> 
     </span>
     <span class='ocr_line' id='line_1_111' title="bbox 873 2289 1619 2324; baseline -0.004 -7"><span class='ocrx_word' id='word_1_651' title='bbox 873 2291 1028 2324; x_wconf 82' lang='lat' dir='ltr'><strong>expediat,</strong></span> <span class='ocrx_word' id='word_1_652' title='bbox 1050 2291 1124 2324; x_wconf 83' lang='lat' dir='ltr'><strong>quid</strong></span> <span class='ocrx_word' id='word_1_653' title='bbox 1151 2291 1184 2317; x_wconf 89' lang='lat' dir='ltr'><strong>in</strong></span> <span class='ocrx_word' id='word_1_654' title='bbox 1213 2290 1335 2323; x_wconf 83' lang='lat' dir='ltr'><strong>castris,</strong></span> <span class='ocrx_word' id='word_1_655' title='bbox 1364 2290 1423 2316; x_wconf 90' lang='lat' dir='ltr'><strong>soli</strong></span> <span class='ocrx_word' id='word_1_656' title='bbox 1451 2289 1619 2315; x_wconf 83' lang='lat' dir='ltr'><strong>creduntur</strong></span> 
     </span>
     <span class='ocr_line' id='line_1_112' title="bbox 872 2330 1621 2366; baseline -0.004 -8"><span class='ocrx_word' id='word_1_657' title='bbox 872 2339 974 2366; x_wconf 87' lang='lat' dir='ltr'><strong>nosse,</strong></span> <span class='ocrx_word' id='word_1_658' title='bbox 995 2332 1069 2365; x_wconf 82' lang='lat' dir='ltr'><strong>quia</strong></span> <span class='ocrx_word' id='word_1_659' title='bbox 1088 2333 1235 2359; x_wconf 88' lang='lat' dir='ltr'><strong>universa</strong></span> <span class='ocrx_word' id='word_1_660' title='bbox 1254 2332 1331 2358; x_wconf 87' lang='lat' dir='ltr'><strong>haec</strong></span> <span class='ocrx_word' id='word_1_661' title='bbox 1351 2338 1426 2365; x_wconf 87' lang='lat' dir='ltr'><strong>prae</strong></span> <span class='ocrx_word' id='word_1_662' title='bbox 1445 2330 1556 2357; x_wconf 87' lang='lat' dir='ltr'><strong>ceteris</strong></span> <span class='ocrx_word' id='word_1_663' title='bbox 1575 2330 1621 2355; x_wconf 88' lang='lat' dir='ltr'><strong>vi-</strong></span> 
     </span>
     <span class='ocr_line' id='line_1_113' title="bbox 873 2372 1621 2407; baseline -0.004 -7"><span class='ocrx_word' id='word_1_664' title='bbox 873 2374 985 2400; x_wconf 89' lang='lat' dir='ltr'><strong>dentur</strong></span> <span class='ocrx_word' id='word_1_665' title='bbox 1005 2381 1125 2407; x_wconf 88' lang='lat' dir='ltr'><strong>curare,</strong></span> <span class='ocrx_word' id='word_1_666' title='bbox 1146 2374 1199 2407; x_wconf 89' lang='lat' dir='ltr'><strong>qui</strong></span> <span class='ocrx_word' id='word_1_667' title='bbox 1218 2374 1287 2400; x_wconf 86' lang='lat' dir='ltr'><strong>istis</strong></span> <span class='ocrx_word' id='word_1_668' title='bbox 1311 2373 1423 2405; x_wconf 85' lang='lat' dir='ltr'><strong>iugiter</strong></span> <span class='ocrx_word' id='word_1_669' title='bbox 1445 2372 1621 2398; x_wconf 87' lang='lat' dir='ltr'><strong>immiscen-</strong></span> 
     </span>
     <span class='ocr_line' id='line_1_114' title="bbox 871 2413 1623 2448; baseline -0.004 -6"><span class='ocrx_word' id='word_1_670' title='bbox 871 2418 931 2442; x_wconf 90' lang='lat' dir='ltr'><strong>tur.</strong></span> <span class='ocrx_word' id='word_1_671' title='bbox 953 2415 987 2442; x_wconf 85' lang='lat' dir='ltr'><strong>Si</strong></span> <span class='ocrx_word' id='word_1_672' title='bbox 1006 2416 1195 2442; x_wconf 86' lang='lat' dir='ltr'><strong>conveniant</strong></span> <span class='ocrx_word' id='word_1_673' title='bbox 1213 2418 1317 2448; x_wconf 85' lang='lat' dir='ltr'><strong>patres</strong></span> <span class='ocrx_word' id='word_1_674' title='bbox 1332 2416 1364 2440; x_wconf 92' lang='lat' dir='ltr'><strong>in</strong></span> <span class='ocrx_word' id='word_1_675' title='bbox 1379 2414 1476 2448; x_wconf 88' lang='lat' dir='ltr'><strong>curia,</strong></span> <span class='ocrx_word' id='word_1_676' title='bbox 1491 2413 1574 2440; x_wconf 86' lang='lat' dir='ltr'><strong>cives</strong></span> <span class='ocrx_word' id='word_1_677' title='bbox 1588 2413 1623 2439; x_wconf 85' lang='lat' dir='ltr'><strong>in</strong></span> 
     </span>
     <span class='ocr_line' id='line_1_115' title="bbox 874 2456 1623 2490; baseline -0.003 -7"><span class='ocrx_word' id='word_1_678' title='bbox 874 2458 952 2490; x_wconf 80' lang='lat' dir='ltr'><strong>foro,</strong></span> <span class='ocrx_word' id='word_1_679' title='bbox 968 2457 1080 2484; x_wconf 87' lang='lat' dir='ltr'><strong>milites</strong></span> <span class='ocrx_word' id='word_1_680' title='bbox 1094 2458 1127 2483; x_wconf 91' lang='lat' dir='ltr'><strong>in</strong></span> <span class='ocrx_word' id='word_1_681' title='bbox 1141 2457 1349 2490; x_wconf 85' lang='lat' dir='ltr'><strong>expeditione,</strong></span> <span class='ocrx_word' id='word_1_682' title='bbox 1365 2457 1392 2482; x_wconf 91' lang='lat' dir='ltr'><strong>si</strong></span> <span class='ocrx_word' id='word_1_683' title='bbox 1406 2456 1538 2488; x_wconf 87' lang='lat' dir='ltr'><strong>denique</strong></span> <span class='ocrx_word' id='word_1_684' title='bbox 1551 2462 1623 2481; x_wconf 85' lang='lat' dir='ltr'><strong>con-</strong></span> 
     </span>
     <span class='ocr_line' id='line_1_116' title="bbox 873 2498 1623 2532; baseline -0.001 -8"><span class='ocrx_word' id='word_1_685' title='bbox 873 2499 989 2532; x_wconf 88' lang='lat' dir='ltr'><strong>cilium,</strong></span> <span class='ocrx_word' id='word_1_686' title='bbox 1001 2501 1055 2525; x_wconf 89' lang='lat' dir='ltr'><strong>aut</strong></span> <span class='ocrx_word' id='word_1_687' title='bbox 1069 2499 1204 2532; x_wconf 88' lang='lat' dir='ltr'><strong>synodus</strong></span> <span class='ocrx_word' id='word_1_688' title='bbox 1216 2501 1409 2531; x_wconf 86' lang='lat' dir='ltr'><strong>convocetur,</strong></span> <span class='ocrx_word' id='word_1_689' title='bbox 1422 2498 1623 2531; x_wconf 85' lang='lat' dir='ltr'><strong>praecipuam</strong></span> 
     </span>
     <span class='ocr_line' id='line_1_117' title="bbox 873 2539 1622 2574; baseline -0.003 -7"><span class='ocrx_word' id='word_1_690' title='bbox 873 2540 992 2567; x_wconf 85' lang='lat' dir='ltr'><strong>sodium</strong></span> <span class='ocrx_word' id='word_1_691' title='bbox 1024 2543 1145 2574; x_wconf 89' lang='lat' dir='ltr'><strong>partem</strong></span> <span class='ocrx_word' id='word_1_692' title='bbox 1173 2539 1414 2574; x_wconf 86' lang='lat' dir='ltr'><strong>praeoccupabit</strong></span> <span class='ocrx_word' id='word_1_693' title='bbox 1443 2539 1622 2566; x_wconf 83' lang='lat' dir='ltr'><strong>umbratilis</strong></span> 
     </span>
     <span class='ocr_line' id='line_1_118' title="bbox 874 2581 1622 2614; baseline 0 -7"><span class='ocrx_word' id='word_1_694' title='bbox 874 2582 935 2608; x_wconf 89' lang='lat' dir='ltr'><strong>ista</strong></span> <span class='ocrx_word' id='word_1_695' title='bbox 954 2582 1074 2614; x_wconf 85' lang='lat' dir='ltr'><strong>religio.</strong></span> <span class='ocrx_word' id='word_1_696' title='bbox 1096 2582 1307 2609; x_wconf 80' lang='lat' dir='ltr'><strong>claustrorum</strong></span> <span class='ocrx_word' id='word_1_697' title='bbox 1329 2581 1429 2608; x_wconf 82' lang='lat' dir='ltr'><strong>fracta</strong></span> <span class='ocrx_word' id='word_1_698' title='bbox 1447 2581 1555 2607; x_wconf 86' lang='lat' dir='ltr'><strong>credas</strong></span> <span class='ocrx_word' id='word_1_699' title='bbox 1574 2588 1622 2607; x_wconf 80' lang='lat' dir='ltr'><strong>re·</strong></span> 
     </span>
     <span class='ocr_line' id='line_1_119' title="bbox 874 2623 1620 2657; baseline -0.001 -7"><span class='ocrx_word' id='word_1_700' title='bbox 874 2625 998 2657; x_wconf 86' lang='lat' dir='ltr'><strong>pagula,</strong></span> <span class='ocrx_word' id='word_1_701' title='bbox 1019 2624 1169 2650; x_wconf 83' lang='lat' dir='ltr'><strong>exhausta</strong></span> <span class='ocrx_word' id='word_1_702' title='bbox 1188 2623 1328 2657; x_wconf 76' lang='lat' dir='ltr'><strong>ptochia,</strong></span> <span class='ocrx_word' id='word_1_703' title='bbox 1348 2623 1398 2650; x_wconf 87' lang='lat' dir='ltr'><strong>vel</strong></span> <span class='ocrx_word' id='word_1_704' title='bbox 1416 2623 1620 2656; x_wconf 85' lang='lat' dir='ltr'><strong>xenodochia,</strong></span> 
     </span>
     <span class='ocr_line' id='line_1_120' title="bbox 874 2665 1622 2693; baseline 0 -1"><span class='ocrx_word' id='word_1_705' title='bbox 874 2668 904 2692; x_wconf 85' lang='lat' dir='ltr'><strong>et</strong></span> <span class='ocrx_word' id='word_1_706' title='bbox 924 2673 942 2692; x_wconf 88' lang='lat' dir='ltr'><strong>a</strong></span> <span class='ocrx_word' id='word_1_707' title='bbox 961 2666 1037 2692; x_wconf 91' lang='lat' dir='ltr'><strong>locis</strong></span> <span class='ocrx_word' id='word_1_708' title='bbox 1057 2665 1288 2693; x_wconf 80' lang='lat' dir='ltr'><strong>venerabilibus</strong></span> <span class='ocrx_word' id='word_1_709' title='bbox 1302 2666 1446 2692; x_wconf 80' lang='lat' dir='ltr'><strong>examina</strong></span> <span class='ocrx_word' id='word_1_710' title='bbox 1458 2667 1622 2692; x_wconf 84' lang='lat' dir='ltr'><strong>conviven-</strong></span> 
     </span>
     <span class='ocr_line' id='line_1_121' title="bbox 875 2707 1622 2740; baseline -0.003 -6"><span class='ocrx_word' id='word_1_711' title='bbox 875 2709 951 2734; x_wconf 86' lang='lat' dir='ltr'><strong>tium</strong></span> <span class='ocrx_word' id='word_1_712' title='bbox 971 2708 1122 2734; x_wconf 87' lang='lat' dir='ltr'><strong>evolasse.</strong></span> <span class='ocrx_word' id='word_1_713' title='bbox 1142 2707 1229 2734; x_wconf 92' lang='lat' dir='ltr'><strong>Adeo</strong></span> <span class='ocrx_word' id='word_1_714' title='bbox 1256 2707 1379 2740; x_wconf 87' lang='lat' dir='ltr'><strong>quidem</strong></span> <span class='ocrx_word' id='word_1_715' title='bbox 1403 2714 1437 2734; x_wconf 90' lang='lat' dir='ltr'><strong>se</strong></span> <span class='ocrx_word' id='word_1_716' title='bbox 1461 2707 1622 2740; x_wconf 87' lang='lat' dir='ltr'><strong>religionis</strong></span> 
     </span>
     <span class='ocr_line' id='line_1_122' title="bbox 877 2749 1624 2783; baseline -0.001 -7"><span class='ocrx_word' id='word_1_717' title='bbox 877 2750 995 2783; x_wconf 86' lang='lat' dir='ltr'><strong>species</strong></span> <span class='ocrx_word' id='word_1_718' title='bbox 1014 2749 1114 2776; x_wconf 87' lang='lat' dir='ltr'><strong>turbis</strong></span> <span class='ocrx_word' id='word_1_719' title='bbox 1134 2752 1165 2776; x_wconf 84' lang='lat' dir='ltr'><strong>et</strong></span> <span class='ocrx_word' id='word_1_720' title='bbox 1183 2749 1315 2783; x_wconf 85' lang='lat' dir='ltr'><strong>publicis</strong></span> <span class='ocrx_word' id='word_1_721' title='bbox 1338 2749 1512 2783; x_wconf 86' lang='lat' dir='ltr'><strong>aspectibus</strong></span> <span class='ocrx_word' id='word_1_722' title='bbox 1537 2749 1624 2781; x_wconf 84' lang='lat' dir='ltr'><strong>inge—</strong></span> 
     </span>
     <span class='ocr_line' id='line_1_123' title="bbox 877 2791 1622 2827; baseline -0.001 -9"><span class='ocrx_word' id='word_1_723' title='bbox 877 2792 928 2818; x_wconf 90' lang='lat' dir='ltr'><strong>rit.</strong></span> <span class='ocrx_word' id='word_1_724' title='bbox 955 2792 1076 2819; x_wconf 88' lang='lat' dir='ltr'><strong>Primas</strong></span> <span class='ocrx_word' id='word_1_725' title='bbox 1104 2791 1278 2827; x_wconf 84' lang='lat' dir='ltr'><strong>cathedras,</strong></span> <span class='ocrx_word' id='word_1_726' title='bbox 1308 2791 1464 2818; x_wconf 80' lang='lat' dir='ltr'><strong>recubitus</strong></span> <span class='ocrx_word' id='word_1_727' title='bbox 1492 2791 1622 2825; x_wconf 87' lang='lat' dir='ltr'><strong>primos,</strong></span> 
     </span>
    </p>
   </div>
   <div class='ocr_carea' id='block_1_16' title="bbox 0 178 1760 338">
    <p class='ocr_par' dir='ltr' id='par_1_16' title="bbox 0 178 1760 338">
     <span class='ocr_line' id='line_1_124' title="bbox 0 178 1760 338; baseline 0 -59"><span class='ocrx_word' id='word_1_728' title='bbox 0 279 228 338; x_wconf 95' lang='lat' dir='ltr'><strong> </strong></span> <span class='ocrx_word' id='word_1_729' title='bbox 1606 178 1760 279; x_wconf 95' lang='lat' dir='ltr'><strong> </strong></span> 
     </span>
    </p>
   </div>
  </div>
 </body>
</html>
