1760 2892
251 166 275 178 '⁴
356 155 492 227 glierli
515 177 606 228 qui:
632 165 694 216 οἰδ
811 219 814 221 Α
906 191 949 217 ιο
971 158 1050 230 cen
1068 181 1169 218 eura
1185 175 1322 217 anche
1326 147 1400 228 pin
1424 166 1616 227 sedecim,

56 224 186 300 ff
206 247 228 276 e
253 236 371 277 vedu
374 238 454 275 che
481 238 735 277 solitamente
761 251 841 276 non
862 249 907 277 se
924 240 975 277 1'1'6
998 239 1042 276 fa
1067 235 1236 285 ricorde,
1253 226 1427 277 sebbene
1450 239 1619 277 sai-ebbe

50 293 150 347 §ibai
168 287 406 348 opportuno,
430 298 470 334 al
495 298 698 346 proposito
725 298 1001 346 dell'epistela‚
1027 297 1077 335 ed
1101 299 1200 346 anzi,
1219 297 1286 336 dei
1306 298 1376 347 piu
1402 299 1534 341 ani-ico
1557 299 1622 337 dei

90 352 147 396 ‘¹²³6
169 357 225 397 mi
250 352 408 395 sembra
433 357 505 394 che
536 358 571 394 si
604 357 746 394 mostri
772 358 889 406 quasi
915 358 954 394 di
989 370 1108 395 avere
1135 358 1394 396 dimenticata
1422 358 1475 395 fin
1507 358 1534 394 1’
1545 370 1622 396 εει

129 429 215 455 nze.
239 417 273 454 Ε
303 429 328 453 a
356 417 490 465 questi
521 417 598 454 due
629 418 858 455 documenti
888 418 1056 466 giovera
1085 421 1324 466 premettere
1350 417 1428 454 due
1454 417 1552 454 altri
1577 417 1627 456 ri·

62 475 199 523 cordi:
223 467 370 524 primo,
382 477 455 512 che
480 477 639 524 proprio
671 478 798 513 anche
824 477 866 513 in
891 490 973 514 una.
1003 477 1106 514 delle
1137 478 1262 525 poche
1289 477 1431 514 sedate
1462 476 1502 513 di
1529 477 1626 515 Con-

57 533 185 585 ¹‘siglio
210 535 277 572 eui
300 535 504 584 partecipo
540 537 670 572 Dante
697 536 799 572 delle
826 537 934 584 quali
970 536 1006 574 ci
1042 537 1102 573 sia
1126 536 1295 573 rimasta
1320 537 1360 574 la
1388 536 1560 584 notizia,
1588 537 1625 575 si

59 594 244 633 'delibero
270 607 388 644 sopra
421 608 478 632 un
513 608 606 632 caso
633 596 806 643 speciale
832 596 1022 632 d’offeita
1047 609 1071 632 a
1098 597 1134 633 S.
1161 596 1359 633 Giovanni
1390 597 1464 633 che
1489 597 1621 634 Dante

66 650 198 693 stesso
223 654 312 691 anzi
337 667 506 703 propose
525 655 564 690 di
591 667 813 702 appi-ovare
839 655 1005 692 insieme
1032 668 1104 692 con
1131 656 1168 692 le
1195 656 1297 692 altre
1322 660 1512 704 proposte
1537 666 1624 703 pre-

36 723 39 725 ’
67 718 226 752 sentate
245 715 284 751 al
301 715 542 762 ΟοιιείςΙίο,1
570 727 591 751 e
618 716 657 751 la
675 715 796 762 lunga
826 715 1085 751 Provvisione
1103 715 1276 752 relativa
1303 728 1326 751 a
1351 715 1627 762 quell'offerta

7 1715 18 1740 J
72 1715 268 1742 absolutione
280 1723 299 1741 a
310 1715 567 1742 condemnatione
579 1725 605 1742 ιι.
822 1749 827 1754 1

0 1756 15 1771 *⁴
70 1757 240 1795 frascripta
258 1754 407 1790 provisio,
428 1759 462 1783 ut
481 1765 575 1791 supra
595 1759 711 1784 dictum
731 1762 777 1785 est
794 1761 825 1785 et

0 1801 18 1814 '¹
72 1800 156 1826 infra
181 1799 312 1835 dicetur,
334 1807 426 1832 super
452 1799 661 1834 infrascriptis
691 1801 773 1827 edita
794 1803 825 1826 et

122 877 137 900 1
156 879 203 905 Fu
221 877 305 905 nella
324 879 434 904 seduta
454 879 503 905 del
517 880 551 905 28
566 879 732 906 settembre
746 881 817 905 1300

19 922 31 948 ,ἶ
73 921 134 947 nin
153 919 290 947 Consule
312 920 442 947 Centum
467 922 603 948 virorum
618 931 646 947 n.
673 922 709 947 In
737 929 815 955 essa,

12 962 19 984 s
31 972 38 997 j
70 962 152 989 dene
168 963 234 989 otto
248 965 393 996 proposte
412 965 590 996 presentate
610 965 638 989 al
661 964 816 995 Consiglie

14 1002 22 1035 31
67 1004 120 1031 dal
140 1003 302 1039 Capitano,
322 1005 353 1031 la
372 1007 455 1031 sesta
474 1012 529 1031 era
552 1014 564 1029 n
578 1006 656 1031 Item
677 1007 714 1031 de
735 1006 817 1032 obla-

9 1043 26 1086 ·'3
39 1063 46 1067 ,
69 1046 156 1072 tione
169 1046 312 1072 facienda
326 1046 364 1072 de
378 1047 452 1073 Neri
465 1047 529 1073 filio
544 1047 733 1073 Gherardini
750 1048 819 1074 Dio-

11 1107 14 1111 ·
52 1098 55 1101 ’
69 1088 135 1115 dati
150 1097 178 1121 s,
192 1095 209 1115 e
228 1095 284 1122 per
303 1090 382 1115 tutte
397 1096 414 1114 e
427 1091 491 1115 otto
505 1102 523 1109 —
535 1097 620 1115 come
635 1089 685 1121 gia
698 1091 818 1116 vedem-

33 1148 36 1149 ν
67 1137 119 1157 mo
138 1129 192 1164 pili
211 1130 353 1157 addietro
374 1130 439 1163 (cfr.
466 1131 529 1157 alla
548 1139 619 1164 pag.
638 1131 704 1166 343)
730 1132 818 1157 risul-

17 1167 55 1198 Ἀ
67 1173 138 1201 tare
157 1171 239 1198 dalle
267 1172 274 1186 ‘
286 1172 432 1198 Consulto
445 1173 452 1186 ‘
474 1172 571 1205 (Reg.
593 1173 631 1207 V,
650 1181 676 1199 c.
701 1173 783 1207 14r)
802 1186 820 1193 -

20 1214 23 1215 ⁷
72 1213 243 1239 ndommus
265 1213 411 1248 Albiccus
440 1214 608 1240 Corbinelli
635 1215 729 1241 iudex
747 1223 816 1241 con-

54 1255 165 1284 suluit
178 1255 345 1281 secundum
360 1256 586 1288 propositiones
602 1258 757 1289 predictas

10 1330 13 1331 ⁷
59 1296 176 1326 ‘Dante
197 1297 357 1330 Alagherlj
385 1298 541 1324 consuluit
561 1298 647 1331 jdem
662 1307 696 1324 n:
723 1299 754 1324 di
777 1302 820 1325 ot-

39 1362 41 1364 .
71 1341 159 1366 tauta
183 1338 361 1370 consiglieri
382 1339 531 1372 presenti,
552 1340 582 1365 la
606 1341 691 1366 sesta
710 1348 820 1373 propo-

73 1382 122 1407 sta
135 1387 175 1406 ne
190 1380 267 1406 ebbe
286 1380 320 1406 73
340 1381 520 1414 favorevoli,
535 1382 550 1406 7
565 1383 716 1415 contrari3
739 1383 819 1408 delle

71 1422 152 1454 altre
171 1425 326 1455 proposte,
348 1423 481 1448 soltanto
503 1431 564 1448 una
583 1430 622 1449 ne
642 1424 720 1450 ebbe
739 1432 821 1452 nove

7 1454 20 1469 ²
71 1464 221 1501 contrari,
241 1466 319 1490 tutte
338 1464 368 1490 le
387 1464 466 1490 altre
486 1472 503 1490 o
522 1465 632 1490 furono
652 1469 822 1498 approvato

15 1511 25 1514 ‘¹
72 1505 329 1538 all'unanimita,
351 1513 368 1531 o
388 1513 444 1531 con
471 1507 528 1532 soli
555 1514 614 1532 uno
641 1515 658 1533 o
678 1508 737 1534 due
757 1508 821 1533 voti

70 1547 270 1573 staverevoli.
298 1547 346 1573 Ed
366 1554 436 1573 ecco
462 1548 494 1573 la
514 1548 716 1576 Provvisione
742 1549 820 1575 rela-

70 1589 148 1622 tiva,
159 1589 291 1615 secondo
305 1589 338 1616 la
350 1590 553 1617 trascrizione
568 1591 641 1618 data
654 1591 706 1617 nel
728 1589 735 1605 ‘
746 1591 821 1618 Oed-

30 1659 33 1663 ,
71 1631 198 1665 diplom.
219 1631 304 1658 dant.
319 1631 341 1667 ⁹,
362 1635 473 1664 quarta
494 1632 651 1668 dispensa,
673 1641 724 1666 pp.
744 1634 821 1659 2—4:

126 1672 170 1707 [in
183 1673 332 1708 margine]
349 1682 362 1698 α
375 1673 461 1707 Nerij
481 1673 668 1700 Gherardini
685 1682 740 1708 pro
755 1675 822 1701 eius

666 1725 678 1740 ι(
689 1717 766 1743 Item
777 1717 823 1742 in-

73 1841 166 1868 emta.
188 1841 283 1867 Cuius
303 1841 427 1874 quidem
445 1842 633 1874 provisionis
650 1844 738 1868 tenor
752 1843 824 1868 talis

73 1885 141 1910 est:
173 1883 223 1908 Ad
242 1883 432 1908 audientiam
453 1885 484 1909 et
506 1884 652 1909 noticiam
672 1885 824 1917 predicto-

17 1942 20 1945 *
71 1931 139 1950 rum
159 1924 354 1950 dominorum
374 1923 516 1950 Priorum
530 1924 652 1951 Artium
674 1928 704 1951 et
723 1925 824 1952 Vexil-

15 1982 24 1986 „
75 1966 158 1998 liferj
181 1965 305 1991 Justitie
335 1967 476 1998 pervenit
496 1967 577 1999 quod
606 1967 717 1994 Nerius
744 1967 825 1993 filius

19 2011 21 2013 '
77 2007 267 2034 Gherardini
285 2007 389 2040 populi
410 2007 516 2035 Sancti
537 2009 663 2042 Martinj
687 2009 855 2042 episcopi·

17 2066 20 2070 ›
72 2051 222 2081 tanquam
249 2049 430 2081 capitaneus
450 2050 644 2082 infrascripti
665 2050 822 2083 homicidij

20 2124 21 2127 Ἴ
74 2094 213 2123 tempore
240 2090 399 2123 regiminis
425 2091 539 2117 nobilis
568 2092 676 2118 militis
706 2093 824 2118 domini

75 2131 182 2159 Cantis
197 2133 234 2158 de
247 2132 415 2158 Gabriellis
436 2133 474 2158 de
492 2133 633 2166 Eugubio
648 2135 720 2160 olim
741 2137 824 2167 pote—

74 2175 163 2200 statis
184 2174 342 2200 Florentle
368 2175 596 2202 sententialiter
620 2176 823 2208 condempna-

74 2218 124 2242 tus
143 2216 202 2242 fuit
216 2235 223 2249 ,
244 2216 326 2248 quod
345 2217 372 2241 si
391 2223 447 2249 per
467 2217 593 2250 aliquod
611 2219 731 2250 tempus
757 2225 825 2251 per-

24 2260 30 2262 *
73 2258 198 2285 venerit
221 2258 254 2284 in
280 2257 403 2283 fortiam
430 2259 596 2285 Potestatis
624 2262 654 2285 et
681 2259 826 2286 Comanis

17 2298 22 2300 ’
75 2299 245 2330 Florentio,
261 2298 366 2334 [quod]
379 2300 553 2331 traginetur
564 2308 660 2333 usque
674 2301 712 2326 ad
727 2301 827 2327 locum

11 2340 18 2346 ''
74 2341 198 2374 justitie
218 2344 248 2367 et
267 2341 349 2373 quod
368 2344 461 2374 caput
484 2341 542 2367 sibi
563 2345 740 2375 amputetur
759 2344 827 2369 tali-

75 2386 125 2409 ter
138 2383 220 2415 quod
234 2383 404 2415 moriatur;
419 2385 449 2408 et
462 2384 543 2415 quod
558 2385 662 2410 omnia
677 2391 732 2410 sua
746 2384 828 2410 bona

14 2431 21 2457 ᾗ
63 2424 277 2461 ‚devastentur
297 2427 328 2450 et
348 2425 542 2457 publicentur
557 2424 698 2458 Comuni,
713 2429 743 2452 et
757 2435 827 2459 gua-

15 2465 18 2466 ’
60 2461 158 2493 *stata
178 2469 209 2492 et
228 2467 385 2499 publicata
406 2468 554 2493 medietas
569 2469 609 2493 sit
628 2468 774 2494 comunis
798 2472 828 2494 ei:

16 2517 22 2520 ·
76 2509 140 2534 alia
152 2508 300 2534 heredum
315 2509 408 2534 occisi
429 2510 596 2535 secundum
614 2510 743 2536 sormam
759 2511 827 2538 Sta-

54 2562 58 2567 -
77 2552 214 2580 tutorum
236 2553 266 2576 et
287 2550 579 2577 Ordinamentorum
594 2552 739 2578 Comunis
760 2553 829 2578 Flo-

21 2615 25 2617 ,
77 2592 178 2618 rentie
193 2601 219 2624 n,
244 2599 261 2617 e
284 2592 331 2618 cie
356 2599 412 2624 per
433 2593 574 2618 l'accusa
601 2594 631 2619 di
658 2601 752 2620 avere
778 2602 826 2619 as-

14 2656 27 2675 3-
77 2634 232 2660 sassinate
252 2634 284 2659 di
305 2636 390 2660 nette
410 2642 450 2659 un
472 2642 526 2660 suo
554 2635 676 2668 eugino,
698 2636 828 2668 toglien-

14 2681 26 2715 ’ᾗ
79 2675 162 2708 degli
182 2675 290 2708 quindi
311 2676 339 2701 le
365 2676 467 2702 chiavi
497 2676 580 2702 della
607 2684 664 2703 sua
692 2678 828 2709 bottega,

49 2739 52 2742 ,
79 2724 135 2750 per
153 2717 299 2750 rubaria;
320 2718 452 2743 secondo
475 2718 492 2743 e
511 2721 632 2751 esposto
656 2719 740 2745 nella
760 2725 829 2744 con-

14 2765 36 2798 -3‘
79 2759 183 2784 danna
203 2759 235 2784 in
256 2759 328 2784 data
348 2759 397 2784 del
418 2761 451 2785 25
475 2760 596 2786 ottobre
623 2761 703 2793 1298,
731 2767 747 2786 e
775 2761 828 2786 nel

881 880 1055 906 successivo
1079 879 1192 912 bando,
1219 879 1320 905 dell'8
1344 879 1524 906 novembre.
1551 879 1625 916 Ore,

879 922 999 948 avendo
1027 922 1100 947 Neri
1130 923 1269 947 ottenuto
1300 929 1356 947 con
1385 922 1526 952 regolare
1548 925 1627 948 stru-

881 966 982 990 mento
1003 964 1034 989 la
1053 971 1128 996 pace
1144 963 1195 990 dai
1210 963 1325 989 fratelli
1346 962 1540 996 dell'uccis03
1557 970 1630 990 con·

880 1006 1015 1031 siderate
1034 1005 1090 1030 che
1112 1004 1184 1031 Neri
1205 1011 1222 1030 e
1241 1004 1374 1030 l‘ucciso
1388 1010 1484 1029 erano
1503 1004 1628 1037 parenti

881 1047 1001 1079 stretti;
1023 1047 1079 1072 che
1099 1047 1130 1072 ai
1150 1046 1266 1072 fratelli
1289 1046 1361 1071 dell'
1374 1046 1476 1072 uccise
1495 1046 1528 1071 fu
1552 1048 1627 1073 atte-

880 1092 962 1115 stata
989 1090 1029 1115 da
1055 1088 1107 1121 piu
1134 1089 1277 1120 religiose
1302 1087 1340 1113 ed
1363 1090 1469 1114 oueste
1494 1095 1626 1120 persone

880 1131 1087 1157 l'innocenza
1117 1130 1147 1155 di
1176 1130 1270 1162 Neri;
1292 1129 1348 1155 che
1378 1130 1387 1154 i
1416 1129 1492 1155 detti
1513 1129 1629 1157 fratelli
1662 1136 1665 1138 ·

881 1179 1060 1199 concessero
1082 1171 1186 1204 percis)
1215 1178 1292 1204 pace
1321 1178 1340 1196 a
1367 1171 1452 1204 Neri,
1483 1178 1500 1196 e
1525 1171 1581 1198 che
1601 1171 1631 1198 s1

881 1221 1030 1240 recarono
1059 1214 1122 1239 alla
1151 1221 1298 1246 presenza
1331 1213 1393 1238 dei·
1409 1213 1511 1238 Priori
1533 1219 1551 1238 e
1577 1213 1627 1240 del

881 1255 1073 1282 Vessillifero
1093 1255 1124 1280 di
1145 1255 1297 1281 Giustizia
1318 1262 1337 1280 a
1356 1254 1532 1281 dichiarare
1551 1255 1572 1280 l'
1581 1255 1627 1281 in·

882 1305 1019 1333 nocenza
1038 1297 1069 1322 di
1089 1297 1163 1323 Neri
1193 1304 1210 1323 e
1239 1297 1383 1322 instando
1408 1295 1520 1329 perche
1546 1297 1630 1323 fosse

880 1330 1015 1370 liberato
1035 1339 1106 1365 dell’
1117 1346 1227 1364 accusa
1242 1338 1278 1363 ed
1293 1338 1406 1363 assolto
1421 1338 1460 1363 da
1473 1338 1546 1370 ogni
1559 1345 1630 1364 con-

883 1382 1004 1413 danna;
1027 1381 1223 1406 considerato
1238 1380 1361 1411 inoltre,
1381 1389 1393 1403 (ι
1403 1380 1484 1412 quod
1498 1387 1554 1413 per
1567 1387 1630 1418 ins»-

882 1430 973 1454 gnam
993 1423 1199 1455 quantitatem
1214 1423 1363 1448 bonorum
1378 1422 1515 1447 virorum
1535 1415 1630 1455 popu-

882 1465 995 1490 larium
1015 1464 1151 1490 civitatis
1171 1463 1329 1490 Florentie
1355 1470 1450 1496 penes
1475 1463 1559 1496 ipsos
1579 1463 1631 1490 do·
1668 1476 1676 1487 c
1720 1496 1722 1498 Ι

884 1507 984 1532 minos
1004 1506 1129 1532 Priores
1157 1508 1187 1531 et
1213 1505 1440 1537 vexilliferum,
1463 1502 1529 1530 ‘iam
1555 1504 1630 1531 dicti

883 1549 970 1582 Nerij
992 1548 1137 1574 liberatio
1158 1550 1187 1573 et
1208 1547 1362 1573 absolutio
1388 1554 1456 1572 cum
1482 1554 1545 1572 non
1570 1553 1632 1573 mo·

885 1591 954 1616 dica
974 1590 1126 1616 instantia
1140 1592 1171 1616 et
1187 1589 1383 1615 solicitudine
1404 1589 1506 1614 extitit
1525 1595 1632 1621 procu-

885 1635 966 1664 rata,
986 1639 1041 1665 per
1061 1632 1123 1658 lam
1144 1632 1242 1657 dictos
1269 1631 1409 1656 dominos
1433 1630 1556 1657 Priores
1576 1630 1632 1656 Ar-

885 1675 961 1700 tium
981 1676 1011 1699 et
1031 1674 1247 1700 vexilliferum
1266 1673 1392 1700 Justitie
1413 1673 1445 1698 in
1465 1673 1527 1705 hijs
1541 1679 1633 1705 quam

885 1716 1021 1750 plurium
1053 1716 1228 1748 sapientum
1258 1717 1289 1741 et
1318 1715 1467 1740 bonorum
1496 1715 1634 1740 virorum

885 1758 1050 1791 prehabito
1079 1757 1209 1784 consilio
1239 1756 1395 1790 provisum
1428 1756 1634 1782 deliberatum

887 1802 916 1826 et
938 1800 1109 1826 stabilitum
1130 1799 1188 1825 fuit
1208 1799 1288 1831 quod
1307 1798 1460 1831 predictus
1474 1798 1586 1824 Nerius
1600 1799 1634 1823 ut

888 1849 981 1875 supra
1001 1841 1115 1866 dicitur
1135 1841 1323 1867 exbannitus
1336 1842 1366 1866 et
1380 1840 1633 1872 condempnatus,

877 1884 927 1910 ‘ad
946 1884 1043 1916 ipsius
1066 1883 1246 1915 petitionem
1271 1885 1301 1908 et
1327 1882 1518 1907 voluntatem
1538 1888 1635 1913 quan·

887 1926 1057 1957 documque
1079 1925 1137 1950 sibi
1159 1924 1312 1957 placuerit
1332 1923 1502 1956 recipiatur
1527 1925 1558 1948 et
1582 1929 1634 1956 po-

886 1969 979 1993 natur
1000 1974 1052 1992 seu
1074 1967 1193 1991 intrare
1213 1966 1310 1998 possit
1330 1965 1363 1990 ln
1382 1965 1486 1997 aliquo
1512 1971 1550 1990 ex
1569 1971 1635 1990 ear-

887 2009 1008 2035 ceribus
1038 2008 1182 2034 Comunis
1213 2007 1380 2039 Florentio,
1410 2009 1440 2031 et
1469 2008 1576 2039 postea
1595 2006 1634 2032 ad

887 2051 985 2084 ipsius
1007 2051 1187 2076 instantiam
1204 2053 1234 2075 et
1248 2050 1428 2082 petitionem
1443 2055 1635 2080 quacumque

888 2093 938 2118 die
959 2095 989 2118 et
1008 2092 1085 2118 hera
1105 2092 1238 2117 voluerit
1265 2093 1296 2116 et
1322 2090 1381 2116 sibi
1407 2089 1558 2122 placuerit
1579 2096 1636 2122 per

887 2135 1070 2166 superstites
1091 2141 1146 2158 seu
1166 2140 1220 2165 per
1240 2133 1375 2164 aliquem
1401 2139 1438 2157 ex
1463 2131 1634 2164 superstiti-

886 2176 943 2201 bus
965 2175 1063 2208 ipsius
1084 2175 1217 2200 carceris
1238 2174 1322 2200 licite
1339 2176 1369 2199 et
1384 2174 1509 2206 impune
1523 2176 1554 2200 et
1567 2173 1636 2199 abs-

889 2225 948 2249 que
968 2218 1105 2250 ipsorum
1126 2216 1327 2249 superstitum
1344 2215 1510 2248 preiuditio
1525 2218 1556 2241 et
1568 2222 1636 2247 gra-

889 2260 1012 2284 vamine
1033 2259 1223 2292 extrahatur,
1245 2258 1407 2292 eximatur,
1430 2257 1586 2283 relaxetur
1605 2259 1636 2284 et

889 2301 1051 2331 liberetur,
1074 2303 1104 2325 et
1125 2300 1246 2325 extrahi
1272 2299 1365 2325 eximi
1394 2298 1528 2331 relaxat-j
1552 2300 1583 2324 et
1599 2298 1636 2324 li·

891 2342 1116 2375 berarjapossit
1136 2344 1166 2367 et
1187 2341 1298 2367 debeat
1312 2341 1349 2366 de
1364 2340 1455 2365 dictis
1470 2342 1500 2365 et
1513 2347 1531 2365 a
1545 2339 1636 2366 dictis

890 2385 1068 2410 carceribus
1089 2386 1118 2408 et
1140 2383 1234 2409 fortia
1253 2382 1397 2409 Comunis
1416 2381 1585 2414 Florentio,
1606 2386 1638 2408 et

890 2429 998 2458 postea
1019 2425 1134 2457 absque
1155 2425 1261 2456 aliqua
1280 2424 1385 2448 mitria
1407 2423 1439 2448 in
1467 2423 1568 2455 capite
1587 2423 1636 2449 vel

891 2469 966 2494 aiibi
987 2467 1272 2499 quomodocumque
1298 2465 1440 2491 habenda
1467 2471 1520 2490 seu
1545 2464 1636 2490 deffe-

891 2510 989 2535 renda
1009 2517 1027 2534 a
1047 2509 1137 2534 dictis
1157 2507 1333 2534 carceribus
1359 2514 1455 2539 usque
1482 2507 1521 2532 ad
1542 2507 1638 2532 eccle-

892 2553 969 2576 siam
990 2551 1081 2576 Beati
1101 2550 1255 2576 Johannis
1274 2549 1413 2581 Baptista
1427 2548 1566 2583 ducatur,
1581 2548 1636 2573 ibi-

892 2594 1022 2624 demque
1043 2592 1082 2618 ad
1103 2591 1323 2624 omnipotentis
1345 2591 1402 2615 Dei
1417 2592 1447 2615 et
1461 2590 1556 2616 Beate
1575 2590 1638 2615 Ma·

892 2636 938 2660 rie
956 2641 1076 2666 semper
1091 2633 1228 2664 Virginis
1243 2635 1274 2657 et
1287 2632 1377 2658 Beati
1392 2631 1545 2658 ,Iohannis
1558 2630 1638 2664 Bap-

892 2677 963 2701 tiste
985 2675 1118 2706 laudem,
1139 2675 1286 2700 honorem
1307 2676 1338 2699 et
1358 2673 1566 2698 reverentiam
1582 2679 1638 2704 per

891 2718 1024 2750 aliquem
1047 2724 1084 2742 ex
1104 2715 1310 2742 familiaribus
1331 2714 1447 2740 domini
1470 2714 1637 2740 Potestatis

889 2760 938 2785 vel
959 2759 1074 2784 domini
1095 2757 1259 2790 Capitanei
1278 2757 1328 2782 vel
1348 2763 1402 2790 per
1416 2755 1571 2782 notarium
1585 2755 1636 2781 do-

1735 1424 1760 1451 ;“’
1734 1348 1760 1405 32:24
1753 1328 1760 1339 ,1
1736 1256 1760 1302 *sl
1731 1228 1760 1234 ’.
