1760 2892
231 186 299 234 ns,
349 173 392 224 ἐι.
407 186 450 224 ὶιί
469 186 705 236 &eug-qicis:
733 176 834 225 Esse
852 188 1006 235 apibus
1026 184 1187 235 partim
1206 186 1375 236 divinae
1391 191 1552 228 mentis
1565 194 1603 228 et
1656 191 1660 194 ’

202 244 302 285 'cum
326 245 529 296 applicitis
548 245 612 282 -ad
642 246 719 283 hoc
728 246 766 294 5²
797 250 839 284 et
861 246 906 284 in
931 247 1120 284 Aeneide:
1148 248 1357 295 Principio
1383 250 1537 286 coelum
1562 253 1602 287 et

118 303 193 350 'am
219 295 462 354 camposque
489 307 686 354 liquentes
715 318 806 343 cum
831 307 1030 354 annexis,3
1056 319 1106 344 ex
1131 307 1277 356 quibus
1311 319 1448 345 merus
1473 308 1602 357 philo-

32 354 202 415 dophiae
239 376 383 403 succus
412 365 659 414 exprimitur,
685 378 765 403 non
791 366 929 404 videat
953 366 1105 415 liquido
1131 367 1347 415 Virgilium
1363 367 1493 406 fuisse
1517 369 1602 417 phi·

16 411 268 474 ᾖῖνεοριιιιιιις
286 429 328 463 et
345 425 566 463 arbitretur
583 426 904 464 eruditissimum
930 427 1130 465 hominem
1147 427 1197 464 ob
1221 428 1511 467 ostendendam
1525 430 1602 467 elo·

62 477 243 523 uentiam
269 498 394 531 suam,
429 497 506 533 qua
538 486 717 533 profecto
750 486 966 534 plurimum
998 487 1138 534 valuit,
1166 487 1371 524 Aristeum
1397 492 1602 536 pastorem

3 569 13 582 ,ι
34 543 316 593 mpenetralia
342 549 474 582 terrae
501 545 552 582 ad
579 545 796 583 Climenem
821 551 988 584 matrem
1009 547 1246 595 deduxisse;
1266 551 1338 585 aut
1355 548 1536 587 Aeneam
1554 554 1603 588 ut

2 605 19 641 s
35 610 193 655 patrem
217 605 374 642 videret
399 605 451 641 ad
477 605 628 642 infeios
654 606 805 654 absque
833 607 1068 648 abscondito
1096 608 1170 644 sub
1189 608 1374 646 fabuloso
1401 609 1603 647 velamine

0 657 16 720 :aff
28 665 245 703 >intellectu
258 664 489 712 scripsisse.
480 665 519 690 ‘³4
533 665 631 709 Quis
646 670 730 703 tam
744 666 808 703 sui
821 667 970 704 inscius
986 667 1055 715 qui
1069 667 1285 704 advertens
1303 671 1487 705 nostrum
1500 670 1604 706 Dan·

0 726 15 763 if
35 729 120 762 tem
136 736 274 762 sacrae
289 724 518 771 theologiae
542 725 757 772 implicitos
781 720 974 774 persaepe
994 739 1122 764 nexus
1140 727 1242 764 mira
1260 727 1602 766 demonstratione

0 773 18 836 }
36 782 283 830 solventem,
304 796 384 820 non
410 784 558 821 sentiat
593 797 683 822 eum
708 798 790 822 non
824 787 954 823 solum
983 787 1265 835 philosophum
1295 787 1365 824 sed
1391 790 1433 824 et
1453 787 1601 824 theolo-

0 843 135 892 sffg'um
150 843 351 892 insignem
364 843 539 880 fuisset>⁵
556 846 610 881 Et
628 844 663 881 si
687 845 763 882 hoc
781 846 996 892 existimet,
1013 858 1092 894 qua
1109 846 1238 883 fultus
1257 846 1411 884 ratione
1430 847 1598 884 arbitra-

0 898 145 950 }'bitur
177 914 269 939 eum
301 902 465 940 finxisse
492 903 751 941 bimembrem
781 905 978 953 gryphem
1013 917 1174 942 currum
1200 906 1242 942 in
1267 906 1439 943 culmine
1469 906 1603 944 severi

0 979 30 1025 Γ
20 963 183 1005 montis
216 963 445 1000 trahentem
471 967 625 1011 septem
651 964 901 1005 candelabris
929 969 969 1002 et
994 964 1162 1002 totidem
1189 965 1385 1002 sociatum
1412 965 1600 1014 nymphis

3 1034 128 1060 cum
139 1022 294 1070 reliqua
311 1023 545 1070 triumphali
561 1024 729 1072 pompa?
747 1029 793 1061 ut
810 1025 1039 1062 ostenderet
1057 1025 1151 1072 quia
1169 1025 1338 1062 rithmos
1357 1025 1600 1074 fabulasque

0 1048 17 1110 Ξ
0 1081 160 1141 §.sciret
176 1082 432 1130 componere?
451 1082 578 1126 Quis·
566 1095 731 1132 msuper
748 1084 876 1121 adeo
865 1096 1031 1121 msanus
1058 1084 1134 1122 erit
1151 1089 1196 1121 ut
1214 1089 1330 1133 putet
1354 1085 1604 1132 perclarissi—

0 1111 31 1189 Ξ
26 1137 146 1184 ιιιιιιιι
158 1141 289 1179 virum
307 1146 426 1190 atque
446 1142 825 1180 christianissimum
843 1144 1100 1180 Franciscum
1117 1145 1389 1181 Petraroam-
1407 1144 1523 1182 cuius
1540 1145 1595 1182 vi-

0 1181 10 1244 Ξ
35 1193 121 1238 tam
138 1205 179 1238 et
195 1213 325 1238 mores
345 1200 431 1237 eius
451 1201 665 1239 sanctitate
683 1203 906 1240 laudabiles
925 1203 1128 1240 vidimus
1117 1203 1205 1251 ipsi,
1225 1208 1345 1251 atque
1363 1207 1596 1252 praestante

0 1256 8 1289 ἶ
36 1260 112 1297 deo
137 1260 207 1297 diu
230 1260 473 1306 videbimus,
503 1265 543 1297 et
569 1273 646 1309 quo
672 1262 872 1299 neminem
909 1263 1039 1310 magis
1071 1263 1335 1300 redimentem
1361 1275 1440 1300 non
1466 1263 1597 1301 dicam

37 1324 196 1367 tempus
209 1323 378 1366 tantum,
397 1320 469 1356 sed
487 1333 742 1369 quoscunque
761 1322 951 1369 temporis
968 1322 1141 1360 labentis
1160 1323 1342 1360 athomos
1356 1323 1559 1360 noscimus
1576 1345 1601 1350 -

38 1379 248 1428 expedisse
266 1383 327 1415 tot
344 1379 519 1427 vigilias,
536 1384 597 1417 tot
615 1392 751 1418 sacras
769 1381 1059 1429 meditationes,
1074 1386 1141 1419 tot'
1152 1383 1273 1419 horas
1293 1382 1379 1419 dies
1398 1386 1438 1419 et
1457 1395 1598 1430 annos,

37 1442 136 1487 quot
151 1437 239 1475 iure
256 1450 470 1486 possumus
491 1439 718 1476 existimare
736 1440 938 1489 impensos
957 1441 992 1478 si
1008 1441 1178 1478 bucolici
1205 1441 1268 1478 sui
1293 1441 1481 1479 carminis
1509 1454 1598 1489 gra-

0 1526 6 1527 ff
37 1498 207 1536 vitatem
231 1498 267 1535 si
292 1504 477 1536 ornatum
495 1500 530 1537 si
555 1501 765 1538 verborum
785 1500 1030 1549 exquisitum
1055 1501 1177 1539 decus
1199 1514 1424 1550 pensemus,
1442 1506 1490 1539 ut
1507 1503 1597 1540 Gal-

37 1557 121 1595 lum
145 1558 315 1605 fingeret
345 1558 550 1606 Thyri-eno
577 1560 749 1597 calamos
777 1565 1066 1608 exposcentem,
1098 1564 1170 1598 aut
1186 1561 1395 1610 iurgantes
1421 1561 1595 1599 invicem

0 1611 2 1613 ¹
37 1617 291 1665 Pamphilum
322 1622 361 1654 et
392 1618 593 1656 Mitiorem
627 1623 667 1655 et
702 1619 800 1656 ah'os
830 1619 1048 1658 delirantes
1081 1633 1207 1668 aeque
1232 1622 1442 1668 pastores?
1469 1622 1595 1659 Nemo

0 1687 16 1727 j
37 1676 204 1724 aedepol
230 1689 389 1725 compos
409 1678 472 1714 sui
491 1678 590 1716 satis
609 1679 814 1726 assentiet,
834 1683 874 1716 et
890 1679 1009 1727 longe
1026 1679 1158 1717 minus
1183 1680 1251 1729 qui
1277 1680 1466 1718 viderunt
1491 1681 1596 1729 quod

38 1736 246 1783 scripserit
272 1738 402 1773 soluto
430 1737 522 1774 stilo
548 1738 590 1774 in
614 1738 714 1775 libro
739 1739 955 1777 Solitariae
979 1742 1084 1777 vitae
1110 1746 1150 1777 et
1174 1740 1218 1786 in
1243 1753 1288 1777 eo
1317 1753 1434 1789 quem
1459 1741 1596 1778 intitu-

38 1795 138 1832 lavit
168 1796 227 1832 De
255 1798 438 1834 remediis
465 1799 520 1834 ad
544 1801 759 1846 utramque
783 1798 1008 1847 fortunam,
1034 1804 1082 1836 ut
1106 1800 1205 1837 alios
1236 1801 1372 1848 plures
1399 1802 1594 1848 omittam,

38 1854 80 1890 in
104 1855 251 1903 quibus
279 1856 467 1904 quicquid
499 1857 542 1893 in
573 1858 736 1895 moralis
771 1858 1046 1907 philosophiae
1074 1859 1165 1897 sinu
1193 1864 1330 1908 potest
1364 1860 1592 1897 sanctitatis

41 1904 114 1950 a'ut
138 1915 458 1962 perspicacitatis
485 1917 637 1954 assumi
661 1922 775 1955 tanta
801 1919 1013 1956 verborum
1045 1920 1257 1957 maiestate
1289 1920 1518 1968 percipitur,
1546 1925 1594 1957 ut

38 1972 98 2009 m‘l
122 1972 292 2022 plenius,
318 1975 374 2011 nil
401 1973 611 2024 ornatiuss
629 1977 686 2014 nil
718 1979 928 2026 maturius,
955 1979 1013 2015 nil
1047 1980 1216 2028 denique
1255 1981 1434 2017 sanctius
1460 1980 1513 2017 ad
1538 1980 1594 2017 in-

0 2028 6 2078 s
40 2033 302 2070 structionem
334 2035 564 2079 mortalium
592 2036 672 2087 dici
696 2042 826 2086 queat.
865 2039 1032 2076 Possem
1056 2044 1265 2087 praeterea
1300 2044 1341 2076 et
1364 2052 1499 2084 meum
1523 2039 1594 2076 bu-

39 2092 208 2129 colicum
233 2106 392 2130 carmen
409 2094 607 2144 inducere,
631 2097 745 2134 cuius
770 2110 911 2135 sensus
939 2110 1013 2146 ego
1033 2111 1122 2135 sum
1140 2098 1366 2136 conscius:6
1392 2099 1464 2136 sed
1481 2099 1594 2136 omit-

0 2162 3 2191 }
38 2152 203 2189 tendum
222 2153 367 2200 censui,
388 2154 481 2201 quia
506 2167 578 2192 nec
604 2156 734 2193 adhuc
753 2157 855 2194 tanti
883 2170 983 2205 sum,
1010 2162 1057 2194 ut
1081 2158 1185 2195 inter
1202 2163 1455 2206 praestantes
1482 2159 1593 2195 viros

0 2334 25 2381 Ξῖ
95 2345 107 2366 ¹
127 2345 302 2379 Bucoliffle,
325 2354 367 2379 w,
391 2348 433 2373 31.
907 2351 920 2372 5
940 2353 954 2378 Ι
970 2353 1061 2386 primi
1075 2353 1134 2378 due
1148 2353 1230 2378 versi
1245 2352 1454 2385 dell'epitaffio
1474 2352 1506 2378 di
1526 2352 1601 2379 Grio-

0 2381 10 2398 ἓ
93 2384 108 2407 2
127 2386 307 2420 Georgiche
329 2391 457 2421 1v,120‚
850 2395 946 2420 vanni
966 2394 1015 2420 del
1034 2395 1165 2427 Virgilio
1187 2394 1253 2428 (cfr.
1275 2394 1427 2428 admetto,
1447 2402 1518 2427 pag.
1538 2394 1598 2429 86),

93 2427 107 2449 3
125 2429 403 2463 Eneide,x⁷1,724.
850 2436 1018 2462 dicevauo:

93 2469 106 2490 ⁴
127 2470 181 2497 Sui
195 2472 359 2504 significati
374 2475 484 2499 morali
499 2474 580 2501 della
594 2476 700 2508 poesia
723 2476 783 2501 vir·
850 2487 862 2502 u
872 2477 1043 2510 Theologus
1056 2479 1308 2511 Dantes,nullius
1320 2478 1470 2510 dogmatis
1481 2486 1591 2511 expers

0 2482 25 2543 ἕξ
38 2512 166 2546 giliaua,
180 2514 263 2540 nella
278 2515 368 2546 quale
382 2515 433 2547 gia
446 2523 502 2549 per
515 2519 617 2550 tempo
632 2518 659 2543 si
672 2518 785 2543 comin-
883 2519 963 2551 quod
983 2520 1086 2545 foveat
1106 2520 1189 2545 claro
1209 2519 1404 2552 philosophia
1423 2520 1541 2548 sinum.
1555 2529 1569 2544 n
1587 2529 1596 2554 ;

0 2533 26 2596 {³2³
29 2553 100 2586 cic,
117 2563 135 2581 e
155 2555 181 2581 si
201 2556 276 2582 duro
296 2558 347 2589 poi
368 2565 421 2589 pei·
442 2560 519 2583 tutto
540 2558 563 2584 il
582 2558 682 2584 medio
697 2565 753 2584 evo
767 2566 786 2584 a
847 2568 864 2587 e
883 2561 939 2587 cfr.
960 2560 1012 2593 piu
1032 2562 1169 2594 innanzi,
1199 2562 1251 2588 nel
1280 2568 1348 2595 cap.
1369 2562 1403 2587 22
1424 2562 1456 2587 di
1476 2564 1594 2595 questo,

0 2595 23 2618 θ’
38 2596 150 2623 vedere
160 2605 202 2624 un
212 2599 365 2630 compiuto
381 2600 507 2625 sistema
521 2600 549 2625 d'
553 2600 713 2633 allegoria,
730 2600 785 2626 che
847 2610 864 2629 e
884 2603 956 2628 nell¹
969 2602 985 2628 8
1005 2603 1054 2628 del
1074 2610 1117 2629 xv
1135 2603 1227 2629 libro.

0 2618 19 2674 Ξῖ
39 2637 130 2665 diedo
149 2640 267 2673 origine
287 2648 305 2666 a
326 2641 378 2673 piri
398 2643 916 2676 tentatividiinterpetra-13
936 2644 1078 2670 Cedendo
1097 2645 1158 2672 alle
1176 2645 1341 2671 insistenze
1364 2645 1396 2671 di
1418 2646 1499 2672 frate
1518 2647 1599 2673 Mar-

15 2681 127 2708 aione
146 2684 332 2710 cervellotici
354 2691 369 2709 e
389 2685 500 2717 suani,
521 2684 543 2710 il
562 2685 728 2711 Boccaccio
748 2686 788 2710 ri·
850 2686 915 2711 tino
937 2685 975 2711 da
996 2686 1100 2720 Signa,
1120 2687 1142 2713 il
1163 2687 1328 2714 Boccaccio
1342 2688 1383 2720 gli
1396 2695 1552 2721 eeponeva
1565 2689 1598 2714 in

9 2715 130 2759 {iton-m
140 2723 193 2757 piu
202 2724 329 2751 innanzi
342 2725 393 2751 nei
409 2726 478 2758 capi
493 2726 525 2751 13
543 2733 559 2751 e
573 2727 623 2758 223
636 2726 686 2752 del
695 2727 788 2759 quale
850 2728 901 2752 un'
911 2727 1042 2760 epistola
1065 2728 1172 2754 scritta
1190 2730 1241 2755 tra
1253 2729 1276 2754 il
1290 2729 1359 2756 1371
1373 2736 1390 2756 e
1404 2730 1426 2756 il
1441 2731 1496 2763 ²74,
1513 2737 1600 2756 come

0 2763 30 2803 g
26 2755 148 2793 ultimo
166 2766 194 2792 si
213 2767 292 2793 veda
312 2767 342 2793 la
362 2770 446 2793 nota.
851 2769 901 2801 gia
921 2769 943 2794 il
964 2769 1110 2796 Petrai-ca
1130 2777 1207 2797 aven
1226 2771 1304 2797 fatto
1327 2771 1407 2798 delle
1434 2779 1488 2799 sue
1517 2773 1600 2799 nelle
