1760 2892
113 394 116 395 γ
121 355 354 413 capiendi...

966 239 1117 280 fuerun
1177 182 1364 291 mq'uam
1381 240 1592 281 manifesti
1614 243 1684 280 he·

115 278 236 344 ¹retici
273 282 558 352 condempnati
592 307 634 340 et
667 301 864 351 expositi
871 314 962 339 cum
990 301 1176 341 omnibus
1209 300 1326 346 bonis
1359 301 1467 350 suis,
1492 302 1679 340 fidelibus

376 377 406 401 ».
432 364 467 400 E
483 367 726 410 veramente,
753 377 776 398 «
793 363 972 400 nonnulli
988 362 1127 400 fideles
1145 368 1284 400 contra
1300 362 1462 400 eosdem
1478 362 1681 400 hereticos

120 427 430 472 assumpserant
459 423 622 470 signum
650 422 800 469 crucis,
829 421 1005 470 dictique
1021 422 1160 459 fideles
1182 421 1362 460 eiusdem
1390 421 1523 460 crucis
1553 430 1681 459 carac-

121 485 211 522 tere
235 484 422 532 insigniti
458 497 550 521 c-um
586 483 768 521 exercitu
793 483 961 520 ecclesie
987 483 1038 519 ad
1064 483 1298 531 capiendum
1321 483 1451 520 dictos
1476 481 1677 520 hereticos

121 543 206 581 iam
229 543 484 580 intranei-ant
506 548 548 581 et
564 548 860 591 occupauerant
882 541 1017 590 aliqua
1041 542 1234 580 suburbia
1259 541 1438 579 ciuitatis
1465 541 1680 579 Mediolan-

59 597 96 649 1⁶⁴*
120 602 191 640 ubi
217 602 316 640 dicti
341 603 509 640 heretici
534 603 812 648 morabantur,
845 614 891 638 ac
920 601 1134 638 Bertoldus
1164 602 1214 639 de
1239 602 1444 639 Masteron
1471 601 1604 638 dictus
1631 601 1680 638 de
1729 632 1733 633 γ

124 663 243 702 Infen
268 664 338 712 qui
363 664 404 700 in
430 664 569 701 eadem
594 663 760 700 ciuitate
795 662 1003 699 dicebatur
1027 666 1267 709 usurpatum
1291 661 1340 698 de
1366 661 1475 699 facto
1500 661 1680 710 regimen

0 1481 32 1555 ξ,

0 1556 55 1589 ἓ

0 1594 29 1653 1,

0 1652 24 1689 {-

0 1759 21 1814 ξι

0 1856 10 1925 Ξ

91 722 334 770 obtinere,
352 723 574 772 requisitus
600 735 671 771 per
700 722 828 758 dictos
858 721 1123 769 Inquisitores
1153 721 1288 758 fuerat
1313 726 1360 758 ut
1385 721 1547 758 eosdem
1569 721 1680 758 here-

121 782 224 826 ticos
251 788 413 831 caperet
430 789 471 820 et
487 784 529 820 in
553 796 676 821 manu
694 783 862 820 ecclesie
880 783 1110 831 assignaret
1127 797 1161 820 »
1187 783 1310 820 Tutto
1332 796 1401 820 era
1420 784 1583 832 dunque
1598 783 1678 821 ben

101 843 370 891 predisposto
397 856 418 880 e
444 844 545 880 bene
572 843 737 880 avviato
770 843 940 880 secondo
966 843 980 878 i
1006 843 1180 880 desideri
1207 843 1311 880 della
1337 843 1503 890 Chiesa3
1525 855 1602 889 ma,
1629 842 1686 880 ed>

86 904 92 925 ’-
121 914 213 940 ecco
243 902 283 939 la
313 915 390 940 sua
419 904 533 951 colpa
562 903 632 950 piu
660 915 805 950 grave,
832 915 898 939 ma
925 902 1067 939 «idem
1098 902 1331 939 Oastruoius
1360 915 1440 939 non
1471 902 1632 940 destitit
1654 915 1681 941 a

46 985 49 994 ι
78 978 80 981 ·
122 963 288 1011 sequela
314 962 544 999 adhesionis
563 967 605 999 et
621 962 761 999 fauore
787 961 1055 999 hereticorum
1080 963 1269 1017 ipsorum,
1288 963 1360 999 sed
1384 967 1593 1010 tamquam
1616 974 1679 1000 eo-

18 1031 39 1059 ·*3
63 1048 65 1059 2
85 1012 96 1063 'J
104 1028 206 1061 rum
234 1021 380 1068 fautor,
408 1026 455 1058 ut
481 1022 641 1059 eosdem
666 1022 865 1059 hereticos
892 1035 916 1058 a
940 1034 1044 1070 pena
1071 1022 1147 1058 sibi
1174 1015 1310 1060 debita
1327 1025 1465 1070 posset
1491 1021 1677 1070 eximere,

78 1096 80 1098 ·
122 1085 164 1118 et
192 1093 243 1126 ne
270 1082 445 1130 praefati
478 1082 646 1119 heretici
673 1095 698 1119 a
722 1082 908 1119 fidelibus
945 1082 1033 1129 capi
1068 1086 1232 1130 possent
1261 1095 1308 1119 ac
1338 1081 1456 1119 subdi
1492 1082 1676 1119 eiusdem

0 1129 184 1195 ῗκᾏῆθθθ
203 1140 422 1189 discipline,
446 1142 571 1179 missa
597 1142 647 1179 ad
665 1142 888 1190 praefatam
906 1141 1114 1178 ciuitatem
1138 1141 1351 1178 Mediolan.
1376 1141 1675 1179 multitudinem

54 1214 68 1248 j
89 1200 93 1205 '
116 1199 300 1249 equitum
318 1205 562 1238 armatorum
566 1203 797 1248 ,prohibere
813 1203 1067 1248 presumpsit
1086 1203 1268 1248 nequiter
1286 1204 1323 1238 et
1334 1213 1413 1248 per
1431 1212 1676 1249 consequens
1719 1208 1722 1237 ζ
1733 1226 1741 1231 »

62 1256 72 1276 ”
116 1261 315 1307 impedire
340 1273 389 1298 ne
422 1260 555 1305 funus
582 1263 680 1298 dicti
714 1263 868 1298 Mathai
893 1263 1057 1299 heretici
1086 1263 1340 1308 apprehendi
1364 1263 1431 1298 uel
1456 1260 1672 1298 inuertivv

112 1323 263 1366 posset,
290 1322 452 1368 iynibus
478 1323 620 1358 merito
647 1323 996 1358 concremandum.
1035 1320 1210 1357 Predicti
1239 1332 1410 1368 namque
1438 1320 1597 1369 equites
1621 1319 1673 1358 ab

119 1379 258 1416 eodem
283 1379 398 1416 missi
434 1381 642 1417 Castrucio
669 1381 788 1418 simul
814 1392 906 1417 cum
930 1380 1048 1417 dictis
1080 1380 1269 1418 hereticis
1301 1393 1517 1428 eorumque
1545 1381 1676 1429 damp-

120 1443 215 1476 nato
242 1439 423 1476 exercitu
447 1440 586 1477 fideles
617 1445 658 1477 et
688 1440 989 1488 crucesignatos
1021 1445 1062 1476 et
1091 1440 1312 1477 exercitum
1345 1440 1513 1478 ecclesie
1539 1440 1607 1488 qui
1632 1440 1698 1478 in·
1724 1444 1739 1472 '-

116 1498 244 1546 burgo
270 1499 474 1536 Modoecie
499 1500 712 1536 Mediolan.
735 1500 835 1536 dioc.
862 1512 905 1537 se
932 1500 1223 1547 recollegerant
1239 1500 1530 1548 impugnarunt
1556 1498 1679 1537 hosti·

115 1557 210 1595 liter
226 1563 267 1595 et
284 1559 457 1606 burgum
476 1559 719 1596 obsederunt
736 1559 969 1607 predictum.
994 1559 1260 1607 Inquisitores
1278 1560 1451 1607 praefati

188 1617 377 1655 Nessuna
411 1618 650 1666 meraviglia
677 1619 749 1655 che
778 1619 818 1655 la
847 1619 994 1656 Chiesa
1020 1619 1060 1655 di
1095 1620 1222 1656 Roma
1254 1631 1448 1667 pensasse
1475 1631 1496 1656 e
1523 1619 1678 1656 deside-

122 1677 294 1715 rassedi
314 1678 426 1726 agire
452 1678 691 1715 similmente
710 1683 847 1715 contro
871 1679 910 1715 le
936 1691 1029 1715 ossa
1047 1679 1089 1715 di
1115 1680 1230 1725 colui,
1251 1680 1324 1716 che
1350 1680 1452 1716 oltre
1469 1680 1509 1716 al
1526 1680 1674 1716 Poema

122 1737 161 1773 la
187 1737 252 1774 cui
286 1749 385 1774 voce
411 1738 566 1775 doveva
592 1738 642 1775 ad
669 1731 761 1775 essa
795 1751 966 1776 suonare
1001 1751 1130 1787 aspra,
1158 1739 1346 1786 terribile,
1374 1752 1503 1776 aveva
1534 1739 1674 1776 scritto

121 1796 156 1832 it
175 1797 253 1833 ‘De
279 1797 544 1844 Monarchia’‚
572 1798 672 1835 ende
689 1803 803 1835 tanta
829 1798 938 1835 forza
956 1799 1005 1835 ed
1029 1799 1139 1835 aiuto
1165 1799 1206 1835 di
1231 1800 1454 1847 argomenti
1481 1804 1674 1836 traevano

119 1856 223 1892 nella
249 1869 351 1904 gran
377 1862 539 1893 contesa
570 1858 584 1893 i
619 1858 763 1894 nemici
788 1858 853 1895 del
882 1859 1095 1905 Ponteflce,
1122 1859 1236 1905 uniti,
1263 1860 1304 1895 in
1331 1860 1424 1906 quel
1448 1863 1593 1907 tempo,
1619 1858 1674 1896 in·

118 1921 233 1952 torno
259 1928 283 1952 a
309 1917 507 1954 Lodovico
533 1917 562 1953 il
587 1918 756 1955 Bavaro.

171 2070 181 2091 ¹
202 2071 260 2098 Nel
290 2072 357 2098 cod.
391 2075 438 2098 sta
466 2074 572 2100 scritto
601 2075 753 2109 inuertz'ti,
784 2083 800 2102 e
830 2077 859 2102 16

115 2115 238 2147 quattro
259 2113 397 2140 asticelle
416 2117 464 2140 tra
493 2115 514 2140 l'
529 2116 541 2141 i
571 2124 587 2142 e
616 2117 636 2142 l'
651 2125 665 2142 e
695 2125 758 2143 non
783 2125 858 2144 sono

115 2155 327 2181 chiaramonte
347 2155 474 2182 distinte
493 2157 526 2182 in
546 2158 665 2184 lettere.
687 2160 737 2185 Ma
755 2160 786 2186 la
805 2161 859 2186 let-

113 2199 184 2223 tnra
203 2203 266 2222 non
290 2197 331 2222 mi
357 2205 414 2230 par
434 2199 557 2225 dubbia.
589 2200 695 2227 Anche
714 2209 733 2226 a
753 2209 861 2234 propo-

114 2239 174 2264 sito
194 2238 266 2264 dell'
278 2239 426 2265 inueniri
446 2241 462 2266 e
482 2241 522 2266 da
551 2245 661 2268 notare
685 2243 740 2269 che
760 2244 860 2276 questi

113 2281 250 2313 Registri
270 2281 301 2306 di
326 2282 445 2315 lettere,
467 2285 582 2314 quanto
609 2291 683 2310 sono
711 2285 860 2318 decorosi,

115 2322 268 2354 magnifici
287 2330 343 2356 per
362 2324 383 2349 l’
395 2325 552 2357 ampiezza
573 2325 652 2352 delle
672 2327 860 2360 membrano,

114 2371 168 2396 per
188 2365 219 2390 la
237 2365 405 2396 regolarita
422 2373 439 2392 e
458 2367 488 2392 la
505 2367 659 2393 nitidezza
673 2368 755 2394 della
775 2370 862 2394 scrit—

114 2409 195 2438 tura,
213 2407 394 2438 altrettanto
414 2415 489 2434 sono
507 2410 666 2442 scorretti;
688 2409 704 2435 e
718 2411 860 2436 evidente

114 2447 171 2474 che
190 2455 251 2473 non
272 2455 393 2482 sempre
412 2449 577 2476 all'abilita
597 2451 678 2478 della
698 2459 788 2478 mano
809 2460 860 2478 an-

114 2489 194 2516 dava
217 2490 382 2524 congiunta
401 2492 452 2516 nel
482 2493 601 2525 copista
619 2494 650 2519 la
673 2501 861 2520 conoscenza

114 2530 163 2556 del
183 2531 289 2564 latino,
311 2531 374 2558 cosi
394 2534 450 2559 che
470 2533 500 2558 vi
521 2534 547 2559 si
568 2535 707 2568 leggono,
720 2543 780 2561 non
801 2540 860 2561 toc-

112 2572 184 2607 cass,
204 2573 284 2605 degli
299 2574 489 2600 strafalcioni
511 2577 694 2608 grossolani.
717 2578 749 2602 Io
769 2585 808 2603 ne
822 2578 860 2602 ho

112 2617 246 2651 cori-etto
266 2615 419 2647 qualcuno
439 2617 488 2642 dei
510 2617 562 2649 piu
581 2619 690 2649 grossi.

168 2653 182 2676 2
201 2656 247 2682 La
266 2657 389 2690 lettera,
409 2665 484 2691 poco
503 2658 556 2691 piu
576 2660 714 2693 innanzi,
736 2660 858 2685 finisce:

927 2087 938 2100 u
1019 2077 1171 2107 Quocirca
1190 2077 1380 2103 fraternitati
1402 2080 1453 2103 tue
1474 2085 1528 2111 per
1548 2081 1670 2110 aposto-

922 2120 983 2144 liea
1013 2120 1127 2151 scripta
1161 2120 1348 2144 mandamus
1373 2120 1519 2152 quatinus
1551 2119 1668 2146 dictum

923 2160 1114 2186 Casti-[icium
1149 2162 1413 2187 excomunicatum
1451 2164 1482 2187 et
1517 2162 1671 2188 fautorem

923 2203 1073 2228 dictorum
1103 2202 1309 2228 hereticorum
1337 2203 1555 2236 predictasque
1575 2211 1671 2237 penas

924 2248 953 2269 et
974 2245 1142 2269 sententias
1173 2245 1341 2270 incurrisse
1370 2252 1406 2270 ac
1431 2245 1476 2270 eis
1496 2246 1668 2279 subiacere,

923 2287 956 2311 iu
976 2286 1050 2311 locis
1083 2293 1189 2311 earum
1218 2287 1352 2319 partium
1381 2287 1419 2312 de
1445 2287 1556 2319 quibus
1575 2287 1670 2314 fuerit

924 2328 1089 2359 expediens
1105 2328 1226 2359 publice
1241 2328 1400 2361 nunciare,
1416 2328 1559 2362 dictaque
1574 2329 1671 2355 moni-

924 2370 1023 2394 tiones
1044 2369 1245 2395 inhibitiones
1266 2370 1412 2395 mandata
1431 2373 1463 2396 et
1481 2371 1546 2396 alia
1566 2371 1670 2397 omnia

923 2414 1068 2436 contenta
1087 2411 1119 2436 in
1139 2411 1335 2443 presentibus
1355 2411 1480 2445 litteris,
1497 2414 1531 2438 ut
1545 2413 1584 2438 ad
1603 2413 1672 2439 ino-

924 2461 991 2478 111111
1012 2460 1141 2484 quorum
1162 2454 1291 2479 interest
1311 2455 1458 2480 noticiam
1487 2455 1597 2481 deduci
1616 2463 1668 2482 ua-

924 2495 1018 2527 leant,
1050 2495 1222 2520 solenniter
1251 2495 1411 2527 publicare
1439 2503 1596 2529 procures.
1626 2497 1671 2524 fa-

924 2538 1007 2563 ciens
1029 2537 1100 2562 inde
1121 2537 1187 2562 fieri
1201 2537 1324 2569 publica
1338 2538 1543 2565 instrumenta
1557 2540 1671 2572 prinei-

924 2579 1006 2611 pium
1028 2582 1058 2603 et
1073 2578 1162 2603 finem
1178 2580 1389 2611 praesentium
1403 2581 1596 2607 continentia
1609 2588 1670 2614 que

923 2620 1012 2645 nobis
1034 2620 1165 2645 fideliter
1186 2620 1308 2646 mittere
1331 2628 1393 2647 non
1413 2626 1591 2655 postponas.
1609 2623 1673 2650 Da-

924 2664 987 2685 tum
1009 2661 1158 2687 Aninion.
1181 2663 1226 2695 ‚ij
1248 2663 1280 2688 kl
1301 2663 1388 2696 Maij.
1410 2665 1499 2690 Anno
1519 2671 1642 2691 nono».

1525 1571 1601 1597 ece.
1617 1572 1650 1595 ›.
1662 1558 1678 1582 ²
1722 1575 1724 1578 >

1740 1219 1760 1276 „fis-“l
1755 1206 1760 1211 ,
1750 1159 1760 1185 ιν
1747 1116 1760 1150 Ful*

1741 1364 1760 1393 Ἠ
1734 1305 1760 1357 2:52²
1738 1291 1760 1298 ξ
