1760 2892
195 226 198 228 q
412 155 482 217 ,ᾖε
488 151 598 218 'aunt
614 149 891 223 {inposueris
895 145 1062 223 oberat?
1059 173 1125 213 ha

194 240 206 266 v·
219 242 364 284 amque
388 229 676 283 rempublicam
700 228 822 271 viae?
848 233 912 271 Sic
936 245 1008 282 pro
1041 232 1234 290 Ecclesia,
1269 233 1329 272 sic
1361 246 1434 286 pro
1466 236 1643 285 Imperio

63 330 66 345 5
111 279 265 339 ‚titud
287 293 416 331 Hisne
440 292 570 330 modis
595 293 810 331 Heinricus
839 293 888 330 de
915 293 1203 344 Luczemburg,
1236 306 1413 344 proavus
1449 293 1558 344 tuus,
1596 309 1646 334 ex

61 352 272 408 ’ξμόᾶίοοιί
296 353 460 390 fortuna
485 353 536 390 ad
563 352 834 390 sublimiorem
865 353 1042 401 perrexit
1073 353 1278 401 gradum?
1309 354 1526 396 Eisdemne
1551 356 1647 393 arti-

64 410 159 452 vbus
183 412 314 450 Divus
338 411 468 449 Iulius
495 412 653 459 Caesar,
680 412 848 449 Romani
875 417 1032 450 creator
1054 413 1219 461 imperii,
1238 426 1431 462 magnum
1447 416 1640 464 populum

81 475 292 522 totumque
319 476 512 518 senatum,
541 475 592 519 et,
618 476 665 508 ut
689 471 839 508 rectius
865 472 1018 520 loquar,
1045 473 1236 520 majorem
1261 473 1369 510 orbis
1392 478 1547 522 partem
1573 487 1642 514 su-

34 531 224 579 begit?
251 531 309 568 sic
334 531 527 568 Camillus
553 531 693 568 urbem
718 543 742 567 a
769 531 896 568 Gallis
923 535 1082 579 captam
1107 532 1304 569 redemit?
1334 532 1394 570 sic
1418 532 1549 582 Scipio
1585 546 1646 572 re·

0 585 50 635 ᾖ
81 589 226 628 bellem
252 590 537 639 Carthaginem
563 590 742 628 delevit?
775 591 972 627 Romulus
1008 591 1166 639 quippe,
1201 591 1323 629 Urbis
1349 593 1540 641 conditor,
1566 606 1643 643 pro

71 650 215 687 salute
233 650 398 698 patriae,
419 651 468 686 ab
486 652 653 697 Acrone,
681 640 988 687 Caeninensium
1007 652 1038 686 d)
1065 663 1173 698 iege,
1194 651 1244 687 ad
1262 651 1532 689 dimicandum
1549 665 1638 701 pro-

81 713 272 757 vocatus,
288 709 467 746 exercitu
493 710 614 746 etiam
639 710 830 757 superior,
859 711 968 747 solus
996 710 1037 746 in
1063 711 1190 748 aciem
1217 711 1434 748 descendit.
1461 712 1566 756 Quid
1583 713 1636 750 de

76 768 250 806 Horatio
275 769 434 806 Coclete
461 769 667 816 disseram,
699 770 768 818 qni
803 773 981 806 extrema
1015 771 1148 818 pontis
1183 770 1348 808 Sublicii
1373 776 1487 819 parte
1524 784 1643 811 occu-

80 834 210 878 patus,
236 829 504 877 irrumpentes
531 841 600 876 per
626 842 718 866 eum
743 830 784 866 in
811 830 960 868 Urbem
977 831 1169 868 Etruscos
1188 830 1431 879 infatigabili
1450 831 1519 869 diu
1536 845 1647 880 pum.

78 901 162 937 gna
186 889 401 935 cohercuit,
427 889 666 937 interimque
691 893 794 936 post·
809 893 924 936 terga
951 893 1070 937 ponte
1097 890 1268 937 sublato,
1293 890 1335 926 in
1353 891 1528 928 Tiberim
1554 905 1640 940 pro·

79 947 230 995 siliene,
257 952 299 984 et
324 960 367 984 se
395 953 436 984 et
459 948 633 995 patriam
657 947 863 985 liberavit!
906 949 1085 995 Proinde,
1119 949 1270 997 inclyte
1304 949 1440 986 future
1476 950 1641 998 Caesar,

79 1007 119 1045 ei·
138 1011 181 1045 te
206 1007 458 1045 Christianae
484 1007 578 1044 fidei
605 1007 774 1053 devotio,
804 1008 838 1043 si
857 1009 1138 1054 Augustorum
1155 1009 1373 1046 Caesarum
1398 1010 1635 1057 reverentia,

18 1089 21 1094 »
80 1067 116 1105 si
141 1067 441 1116 progenitorum
466 1071 627 1103 tuorum
653 1067 884 1114 auctoritas,
912 1067 946 1103 si
981 1067 1152 1115 denique
1180 1069 1371 1116 propriae
1408 1069 1638 1117 majestatis

65 1131 123 1180 yet
146 1127 298 1176 gloriae
324 1127 492 1163 dulcedo
517 1127 675 1174 tangit:
695 1120 893 1175 abrumpe
904 1140 1036 1164 moras
1063 1132 1103 1164 et
1122 1140 1298 1176 propera,
1318 1128 1635 1178 victricibusque

81 1187 228 1236 aquilis
252 1187 294 1224 in
320 1187 481 1224 Latium
495 1190 520 1221 θ)
551 1187 749 1234 demissis,
776 1199 1008 1224 succurrere
1027 1188 1099 1224 tibi
1126 1192 1168 1224 et
1193 1189 1353 1235 Romae,
1372 1201 1446 1226 nec
1480 1189 1641 1227 ad‘tam
1668 1238 1669 1241 Ἰ

81 1247 258 1296 pretiosa
275 1247 506 1284 discrimina
523 1247 696 1284 transire
714 1247 895 1284 formida.
912 1247 1052 1284 Virtus
1072 1247 1177 1283 enim
1193 1247 1236 1284 in
1254 1247 1443 1295 periculis
1468 1248 1643 1286 maxime

81 1306 405 1355 deprehenditur.
433 1308 484 1342 Et
510 1319 559 1343 ne
586 1306 659 1350 tibi
685 1307 856 1354 longiori
882 1307 1061 1343 oratione
1088 1308 1295 1344 molestior
1323 1309 1411 1353 sim,
1445 1309 1521 1345 hoc
1544 1307 1636 1346 ulti·

60 1373 191 1403 ‘mum
215 1367 390 1413 obsecro,
417 1371 463 1403 ut
488 1378 595 1402 more
621 1367 833 1414 proborum
858 1367 988 1414 potior
1015 1367 1069 1403 sit
1095 1367 1168 1403 tibi
1200 1367 1379 1414 dignitas
1415 1367 1502 1404 sine
1536 1368 1633 1416 vita,

82 1439 200 1475 quam
217 1427 303 1464 vita
321 1426 408 1463 sine
427 1427 636 1473 dignitate.
665 1427 762 1463 Vale
781 1431 822 1463 et
838 1426 931 1463 veni
951 1439 972 1462 ο
990 1427 1153 1463 unicum
1170 1427 1421 1464 miserandae
1442 1428 1586 1465 Italiae
1600 1427 1647 1476 ²⁸)

80 1486 349 1535 praesidium!
519 1487 670 1523 Datum
687 1487 867 1523 Veronae
884 1485 998 1522 xxiiii
1025 1486 1217 1532 Octobris,
1237 1486 1456 1524 indictione
1482 1487 1645 1535 quinta.

590 1577 819 1623 Majestatis
845 1580 940 1613 tuae
967 1577 1141 1614 servitor
1165 1578 1366 1615 Antonius
1394 1579 1442 1615 de
1468 1578 1644 1615 Leniaco

704 1649 794 1673 cum
817 1636 1040 1673 humillima
1067 1638 1456 1675 recommendatione
1475 1652 1510 1675 ».

153 1744 243 1780 Non
269 1744 289 1780 e
316 1744 485 1791 bisogno
505 1743 546 1780 di
563 1744 788 1792 indugiarsi
815 1757 838 1780 a
862 1744 1034 1781 rilevare
1059 1745 1100 1781 in
1127 1749 1270 1792 queste
1296 1745 1399 1782 linee
1427 1746 1485 1793 gli
1512 1746 1635 1783 indizi

82 1804 384 1841 dell’influenza
411 1805 612 1840 dantesca.
638 1805 695 1841 Lo
714 1804 898 1841 scrittore
916 1804 1182 1852 dell'epistola
1201 1817 1373 1841 accenna
1401 1805 1482 1852 egli
1508 1809 1651 1842 stesso¹

82 1864 121 1899 al
145 1865 286 1909 Poeta;
323 1863 411 1899 anzi
438 1863 600 1911 giudica
627 1864 727 1900 bene
753 1863 793 1900 di
819 1863 917 1900 farsi
954 1863 1058 1900 forte
1096 1876 1233 1911 presso
1259 1864 1288 1900 il
1316 1864 1573 1901 discendente
1601 1865 1642 1901 di

81 1922 226 1970 Arrigo
245 1923 322 1959 VII
347 1945 370 1949 —
397 1935 416 1958 e
444 1923 503 1959 eie>
531 1924 551 1959 e
577 1925 764 1974 notevole
789 1924 854 1960 nel
875 1924 967 1959 1382
984 1944 1008 1951 -
1026 1924 1090 1960 del
1117 1936 1217 1970 gran
1234 1935 1350 1960 nome
1370 1923 1409 1959 di
1429 1925 1579 1971 Dante;
1599 1924 1642 1961 al

81 1983 200 2031 quale
227 1983 320 2029 cosi,
355 1995 425 2029 per
451 1983 692 2030 quest’altra
727 1976 908 2031 epistola,
944 1997 1024 2020 una
1057 1984 1228 2019 seconda
1263 1985 1375 2021 volta
1409 1983 1643 2031 rispettosa-

81 2046 213 2079 mente
241 2042 275 2078 si
294 2043 521 2090 congiunge
548 2044 679 2091 quello
705 2042 745 2079 di
772 2044 946 2080 Antonio
974 2044 1024 2079 da
1051 2044 1254 2091 Legnago.

815 2171 907 2213 VH

170 2278 260 2319 Per
281 2277 504 2332 l’epistola
526 2282 540 2302 ‘
552 2277 789 2321 all'Amz'co
810 2279 1049 2334 florentino
1062 2279 1071 2294 '
1092 2283 1166 2323 [cfr.
1184 2284 1219 2316 la
1236 2285 1322 2317 nota
1338 2284 1408 2317 alle
1425 2293 1483 2325 pp,
1505 2285 1638 2326 127-29,

63 2357 100 2381 -e
124 2347 158 2381 le
183 2345 322 2382 Giunte
345 2357 362 2380 e
386 2345 612 2389 correzioniJ.

152 2456 173 2477 «
193 2443 336 2479 Contro
362 2442 628 2478 l’autenticita
654 2443 918 2490 dell’epistola
945 2443 1169 2479 cosiddetta
1188 2442 1394 2479 all’Amico
1411 2443 1632 2491 florentino,

79 2502 125 2538 fu
150 2514 285 2538 mossa
319 2506 612 2538 recentemente
639 2502 690 2538 da
724 2503 776 2538 M.
803 2502 925 2538 Barbi
950 2502 1232 2538 un’obiezione
1258 2502 1334 2538 ben
1360 2502 1428 2549 piu
1464 2502 1567 2540 forte
1595 2503 1635 2539 di

80 2562 209 2610 quelle
237 2562 431 2598 sollevate
458 2562 562 2598 dallo
589 2562 842 2608 Scartazzini,
869 2562 934 2609 poi
961 2562 1116 2598 ch’essa
1144 2562 1292 2609 poggia
1327 2563 1390 2598 sul
1417 2566 1638 2599 contenuto

137 2669 167 2704 d)
191 2670 238 2697 St.
261 2650 504 2695 Caeciaieneium
894 2671 1002 2703 Popoli
1023 2670 1404 2696 d'Italia:=«1niseranda
1423 2670 1516 2696 Italia
1531 2678 1557 2704 υς
1578 2678 1595 2697 e
1609 2670 1642 2696 in

138 2711 164 2746 ε)
186 2711 230 2738 St.
252 2712 288 2736 in
308 2711 451 2737 Latinum
894 2713 996 2744 quella
1017 2712 1046 2737 ai
1067 2711 1243 2738 Cardinali:
1269 2720 1281 2735 α
1297 2712 1425 2737 Romam
1492 2711 1640 2738 miseran·

137 2753 153 2770 *
172 2754 286 2786 Dante,
308 2753 381 2779 nell'
393 2753 524 2786 epistola
548 2754 578 2780 ai
608 2754 744 2788 Principi
765 2762 782 2781 e
802 2755 831 2781 al
894 2754 965 2780 dam
979 2762 1005 2780 n.
1028 2753 1090 2779 Cfr.
1112 2752 1163 2785 piu
1184 2753 1336 2785 additam-0,
1357 2752 1419 2778 aua
1438 2759 1507 2785 pag.
1527 2753 1591 2779 402.

1341 150 1546 214 ridendam
1563 153 1650 216 dm.»
1724 175 1733 181 ’
1749 156 1760 172 ’7
