1760 2892
1572 0 1606 27 ἃ
1612 0 1760 37 ῑξᾋᾞτξ

213 152 313 213 noir
329 172 515 212 abbiamo
549 137 770 221 altrimenti
793 172 943 211 notizia
959 191 1016 206 ›-
1040 170 1185 222 questa
1208 171 1516 212 testimonianza
1545 183 1614 220 po-

58 228 203 275 &ebbe
226 227 336 272 forse
353 233 551 283 apparirci
575 234 703 271 anche
728 233 798 282 piu
819 233 953 282 degsa
969 233 1009 270 di
1034 237 1140 280 nota,
1159 240 1205 270 se
1229 232 1478 271 riuscissimo
1504 245 1528 268 a
1553 243 1613 268 co-

0 342 2 344 ,
58 296 227 332 noscere
253 294 422 343 qualche
439 294 544 330 altra
569 305 664 331 cosa
687 293 752 331 dei
777 293 1010 331 sentimenti
1027 305 1048 330 e
1066 293 1292 331 dell'essere
1310 292 1350 330 di
1369 297 1513 340 questo
1538 305 1616 329 am-

0 347 31 411 {g
56 353 250 398 miratore
277 353 597 401 d‘ell'Allighieri.
626 353 808 391 Un'altra
833 353 1163 390 manit'estazione
1188 352 1228 389 di
1254 352 1343 389 suoi
1369 351 1613 399 sentimenti,

0 415 17 480 f}
55 412 184 462 'nobili
208 425 290 450 non
312 426 428 450 meno
454 414 495 450 di
521 413 653 462 quello
675 426 746 450 ora
771 413 931 460 veduto,
958 413 993 449 ci
1020 413 1040 450 e
1067 412 1209 450 offerta
1238 412 1279 449 in
1311 416 1454 460 questa
1479 416 1615 448 stessa

0 490 14 523 ς
61 473 220 519 lettera,
250 473 354 510 dalle
387 473 492 510 lineo
519 474 592 510 che
628 473 760 510 subito
787 485 974 520 segnem,
1002 485 1024 509 e
1049 473 1161 510 ch’io
1195 484 1293 520 pure
1319 471 1457 520 quindi
1486 471 1615 508 faccio

0 542 2 573 ἓ
57 531 196 573 subito
227 533 389 580 seguire
416 533 494 570 alle
519 533 589 579 gia
613 532 842 570 trascritte:

128 605 149 629 α
167 593 254 637 Hoc
272 594 321 630 de
339 598 411 630 tua
437 593 610 630 sufficiat
635 593 710 629 tibi
732 593 874 640 patria.
892 593 996 629 Hinc
1015 605 1057 630 er
1060 605 1112 641 go
1129 593 1349 639 discedens,
1367 592 1506 630 Illirici
1533 605 1614 630 ma-

36 644 112 690 Δτῖε
138 652 288 691 fluctus
313 654 476 699 intravi,
494 666 594 701 quos
620 653 784 690 tandem
810 653 884 690 deo
910 652 1084 701 auspice,
1103 665 1182 689 non
1206 653 1291 690 sine
1310 657 1445 690 tamen
1470 644 1631 689 timore¹

49 713 256 758 continuo,
276 726 417 761 sospes
445 713 556 751 evasi
583 713 828 761 Romamque
855 713 1030 761 perrexi,
1056 713 1113 749 nil
1137 713 1298 750 interim
1323 714 1516 750 Ravenne
1542 717 1612 749 tue

54 773 185 811 instar
202 778 298 810 nota
315 773 483 820 dignum
508 773 719 821 aspiciens.
745 773 846 818 Heu,
873 785 936 809 me
955 773 1088 820 pudet,
1109 777 1266 809 tantum
1290 772 1545 820 processisse,
1573 776 1617 808 et

53 833 91 871 si
116 833 288 879 deceret,
315 833 488 869 libenter
514 837 629 880 cepto
665 833 810 869 cedens
845 832 1017 878 gradum
1053 831 1260 868 sisterem!
1291 831 1440 875 Quidni
1465 830 1616 879 pudet?

0 896 11 924 ἓ
55 892 209 940 Aspexi
234 893 338 928 hanc
357 892 450 928 olim
469 903 717 928 communem
736 891 904 939 patriam
932 891 1177 939 humanique
1195 892 1357 938 generis
1377 896 1418 928 et
1434 891 1618 940 reginam

53 956 96 990 et
120 953 329 999 nutricem,
357 965 504 998 senem,
531 952 756 999 lugubrem,
784 951 1011 999 squalidam
1036 952 1288 1000 viduamque,
1316 964 1394 988 non
1413 953 1542 989 solum
1570 950 1617 987 li-

53 1012 226 1050 bertatis
252 1025 392 1049 verum
419 1012 540 1052 etiam
567 1012 842 1060 cujuscunque
869 1012 961 1048 boni
987 1012 1175 1048 vacuam!
1204 1012 1267 1048 Ah
1293 1012 1414 1058 dolor,
1433 1013 1486 1048 ah
1503 1011 1617 1048 lacri-

0 1062 17 1110 ξ’
42 1073 136 1110 ine!
156 1073 362 1116 Quantum
380 1072 505 1109 distat
523 1072 573 1108 ab
591 1072 670 1118 illa,
691 1084 767 1119 que
788 1072 946 1118 Brutos,
966 1084 1043 1119 que
1062 1071 1278 1119 Scipiones,
1294 1084 1371 1119 que
1390 1072 1617 1118 Marcellos,

0 1128 9 1203 ἱ
35 1144 131 1183 ΑΗΘ
158 1131 314 1179 Fabios,
342 1144 419 1180 que
445 1131 614 1168 Oesares
640 1131 788 1168 mundo
817 1131 960 1167 edidit!
990 1131 1020 1166 O
1047 1132 1148 1168 bone
1175 1132 1355 1178 Romule,
1375 1131 1530 1168 utinam
1554 1131 1616 1168 vi-

0 1206 2 1212 ·
54 1190 171 1230 veros
197 1196 238 1229 et
262 1196 456 1239 nepotum
483 1196 643 1228 tuorum
670 1203 747 1239 quo
774 1191 961 1228 venerint
979 1197 1219 1238 argumenta
1237 1191 1506 1239 conspiceres!
1525 1191 1615 1227 Non

0 1218 9 1285 i
51 1251 215 1300 ambigo
250 1252 410 1300 asylum
445 1252 610 1288 stetisse
647 1263 767 1298 quam
804 1251 973 1287 Romam
1009 1251 1065 1287 sic
1101 1251 1232 1288 ruisse
1262 1251 1422 1288 malles!
1463 1250 1616 1288 Unicus

61 1315 193 1349 tamen
219 1311 275 1347 ibi
300 1311 406 1348 inter
431 1315 492 1347 tot
516 1311 769 1358 gemebunde
794 1310 907 1347 urbis
935 1323 1121 1347 erumnas
1148 1311 1312 1347 emicuit
1337 1310 1502 1347 arbitrio
1527 1322 1616 1347 meo

59 1371 146 1418 spei
172 1371 275 1407 bone
301 1371 424 1415 locus,
445 1370 513 1418 qui
530 1370 705 1406 fortasse
732 1374 792 1406 tot
819 1382 1012 1407 annorum
1030 1370 1197 1406 vulnera
1223 1370 1274 1407 ad
1299 1370 1527 1406 cicatricem
1553 1369 1615 1406 ad·

0 1467 9 1470 s
54 1431 190 1468 vehet.
217 1431 293 1468 Hic
311 1435 375 1468 est
400 1431 590 1468 Urbanus
607 1435 746 1467 noster
764 1434 914 1476 sextus,
933 1430 996 1467 vir
1018 1431 1155 1477 procul
1175 1430 1294 1466 dubio
1313 1443 1389 1466 non
1413 1430 1615 1466 humanus

0 1472 9 1541 i,
56 1493 122 1528 eet
146 1490 323 1532 celestis,
348 1490 684 1536 modestissimus,
704 1490 888 1536 clemens,
903 1490 1043 1537 justus
1070 1494 1112 1526 et
1136 1491 1243 1526 ultra
1270 1495 1424 1526 ceteros
1451 1490 1616 1538 pruden-

0 1546 10 1600 ζ
54 1549 251 1593 tissimus,
280 1549 347 1597 qui
374 1554 569 1597 quantum
599 1551 766 1586 Romam
792 1555 972 1587 nostram
999 1550 1144 1598 diligat
1169 1549 1362 1597 intellige.
1397 1548 1617 1597 spopondit

0 1618 11 1665 ἱ
54 1621 124 1646 ore
156 1604 421 1656 sanctissime,
454 1609 611 1656 Colisei,
639 1609 788 1646 theatri
823 1610 997 1658 majoris,
1034 1614 1262 1654 termarum,
1290 1622 1456 1646 arcuum
1482 1609 1617 1646 trium-

55 1668 236 1719 phalium
264 1674 305 1705 et
330 1669 575 1716 generaliter
601 1669 727 1706 totius
745 1669 856 1706 urbis
880 1669 1137 1706 refectionem
1163 1669 1481 1718 integerrimam;
1509 1668 1619 1717 polli-

0 1727 25 1788 ζ
54 1727 175 1775 citus,
203 1729 338 1766 divino
365 1729 593 1765 illustratus
621 1729 771 1776 spirito,
798 1729 988 1776 virtutes,
1016 1742 1166 1776 mores,
1197 1741 1353 1775 census,
1382 1729 1614 1776 dignitates,

54 1789 235 1834 honores,
264 1789 468 1836 potentias
496 1792 545 1835 et,
574 1789 679 1836 quod
705 1788 890 1825 mirabile
913 1789 1066 1825 dictum
1092 1794 1165 1834 est,
1192 1789 1301 1826 viros
1328 1789 1480 1836 priscos
1507 1788 1616 1825 deso-

0 1847 7 1887 '5
55 1848 138 1884 late
165 1848 235 1884 diu
259 1848 350 1884 urbi
376 1848 552 1884 reddere.
581 1849 665 1892 Que
684 1848 824 1895 utique
844 1849 945 1885 satis
972 1849 1088 1885 credo
1115 1849 1326 1897 presertim
1352 1849 1446 1885 dum
1472 1849 1614 1894 recolo,

0 1895 11 1943 :³
60 1908 227 1944 Petrum
252 1908 293 1958 in
319 1908 442 1955 hujus
470 1908 671 1945 creatione
697 1908 908 1956 pontificis,
925 1913 972 1945 ut
989 1909 1076 1956 ipse
1093 1909 1199 1946 idem
1217 1908 1403 1953 asseruit,
1423 1913 1528 1944 teste
1553 1919 1617 1954 po-

13 1972 17 1976 *
60 1967 166 2016 pulo,
187 1979 236 2003 ex
261 1967 392 2003 letitia
417 1967 521 2004 tanti
539 1969 782 2005 successoris
807 1980 940 2005 amare
959 1968 1133 2005 flevisse.
1157 1969 1321 2004 Possem
1349 1973 1390 2004 et
1415 1968 1505 2011 alia,
1531 1971 1616 2003 tam

59 2027 109 2064 de
130 2027 293 2064 Urbano
321 2039 439 2074 quam
458 2027 506 2063 de
530 2027 632 2064 Urbe
650 2031 828 2064 monstra
847 2028 1053 2076 detegere:
1073 2028 1225 2063 calamo
1243 2031 1401 2074 tempus
1430 2026 1564 2063 deficit
1582 2039 1615 2062 ».

5 2099 12 2104 ’
58 2087 115 2124 Le
142 2087 245 2132 alte,
274 2087 430 2123 vibrate
461 2087 595 2135 parole
622 2088 724 2124 sulle
752 2088 969 2124 condizioni
997 2089 1037 2124 di
1064 2089 1190 2125 Roma
1225 2101 1302 2124 non
1339 2087 1614 2135 abbisognano

10 2162 12 2167 ’
57 2147 100 2184 di
126 2152 366 2193 comment0;
396 2147 562 2195 giovera
589 2148 672 2187 solo
697 2153 854 2196 notare,
882 2162 952 2196 per
978 2149 1193 2185 ricordarlo
1211 2148 1280 2195 piu
1299 2148 1474 2194 innanzi,
1502 2159 1613 2184 come

10 2246 13 2254 Ξ
58 2207 202 2243 alcune
238 2206 278 2242 di
315 2219 404 2243 esse
441 2206 675 2243 richiamino
710 2207 789 2244 alla
824 2208 1016 2244 memoria
1050 2207 1089 2243 la
1117 2208 1307 2243 dantesca
1343 2221 1361 2241 «
1383 2208 1509 2243 Roma
1541 2207 1614 2243 che

59 2265 219 2314 piagne,
247 2267 412 2303 Vedova
438 2278 459 2302 e
487 2266 571 2303 sola
597 2279 618 2303 e
645 2266 685 2303 di
712 2279 733 2303 e
759 2272 870 2304 notte
898 2267 1114 2303 chiama....
1134 2279 1165 2302 ».

127 2326 231 2362 Nell'
241 2325 384 2362 ultima
410 2330 524 2373 parte
551 2326 642 2363 dell’
658 2327 836 2374 epistola,
865 2327 969 2363 della
997 2328 1123 2374 quale,
1151 2339 1261 2363 come
1288 2326 1355 2374 gia
1380 2338 1450 2373 per
1477 2327 1614 2363 l’esor-

10 2406 13 2408 ·
53 2385 132 2433 dio,
161 2386 211 2421 do
238 2386 277 2421 in
304 2391 398 2422 nota
425 2386 453 2421 il
478 2390 584 2422 testo
611 2387 841 2434 completo,¹
878 2387 915 2423 lo
943 2387 1128 2424 scrittore
1159 2386 1366 2434 aggiunge
1399 2386 1438 2422 di
1464 2387 1615 2423 essersi

115 2545 127 2568 1
149 2557 160 2572 u
174 2549 222 2574 De
242 2548 340 2574 Roma
360 2549 455 2580 igitur
483 2551 514 2575 et
539 2552 653 2576 mestus
673 2552 703 2576 et
722 2551 802 2576 letus
865 2550 956 2576 besso-
978 2550 1044 2580 Quo
1065 2552 1226 2582 postquam
1241 2549 1304 2575 adii
1323 2549 1449 2575 minime
1469 2550 1613 2575 comitem

0 2590 15 2624 Ε
53 2590 131 2625 abii,
151 2590 256 2616 libello
277 2593 329 2616 tuo
350 2597 470 2623 semper
489 2591 662 2626 comitatus,
683 2598 718 2618 eo
738 2599 800 2618 non
864 2593 970 2618 videre
990 2592 1139 2617 hactenus
1159 2591 1256 2623 licuit,
1277 2591 1348 2617 aliis
1369 2591 1514 2617 continue
1527 2592 1615 2618 labo-

0 2625 7 2650 !
57 2632 158 2658 minus
179 2640 270 2665 quam
290 2633 393 2658 Encas
412 2631 532 2658 Achate
550 2633 658 2660 fretus.
675 2634 731 2660 Fui
746 2635 802 2660 Fe·
865 2634 949 2660 ribus
969 2634 1118 2668 involuto,
1133 2633 1243 2666 quibus
1258 2640 1313 2658 nec
1326 2634 1425 2659 adhuc
1441 2634 1609 2667 destituor5

0 2654 11 2720 ἰ.
56 2674 150 2708 raris,
171 2674 290 2706 quesivi
310 2673 348 2700 de
368 2676 408 2708 te,
431 2674 540 2700 aberas
560 2676 592 2700 et
603 2682 756 2708 nusquam
770 2678 800 2701 te
863 2683 964 2709 ymmo
984 2675 1060 2700 mihi
1090 2675 1206 2710 evenit,
1236 2675 1317 2707 quod
1343 2675 1487 2706 tragedus
1507 2678 1613 2701 noster

5 2720 18 2748 J
57 2718 179 2748 reperto
200 2716 328 2741 discessi
347 2715 503 2742 festinans
518 2716 558 2742 ad
577 2718 722 2751 patr-lam,
742 2725 801 2750 que
862 2718 925 2743 aitz
947 2717 1017 2742 finis
1037 2717 1166 2743 alterius
1195 2717 1270 2742 mali
1300 2717 1411 2748 gradus
1441 2720 1487 2742 est
1518 2717 1614 2743 futuri

0 2723 91 2892 kat
121 2757 180 2783 scis
208 2757 295 2790 gravi
321 2757 388 2790 ‚iam
417 2760 448 2783 et
476 2758 603 2791 indigno
635 2760 801 2792 urgebatur
864 2758 1011 2795 [Senecae
1031 2758 1120 2784 Herc.
1137 2759 1206 2790 sar.
1227 2759 1301 2792 208].
1324 2758 1412 2789 Quod
1432 2759 1458 2784 si
1479 2759 1612 2785 fortasse
