1760 2892
56 445 182 509 gnua.⁴
206 447 319 490 della
350 461 428 488 sua
459 445 596 487 virtu!
631 443 720 487 Con
754 447 905 500 queste
937 445 1092 488 lettere
1124 445 1171 487 fu
1202 444 1234 486 il
1267 460 1343 488 suo
1376 459 1504 488 nome
1525 447 1597 487 tra

26 615 65 657 ξιξ
68 618 200 647 immam
219 617 408 644 Palmerium
429 618 466 643 de
481 615 628 642 Altovitis
640 616 677 642 de
693 618 781 642 sextu
844 615 974 647 collegio
995 617 1044 642 vel
1071 616 1285 648 universitate,
1301 616 1461 642 occasione
1479 615 1528 641 vel
1547 622 1596 642 ra-

85 710 150 735 mni
169 703 376 730 Amazonium
395 701 433 727 de
460 703 548 726 sextu
569 700 674 726 Sancti
695 700 781 725 Petri
845 694 961 730 rarum,
988 705 1064 730 quas
1091 698 1141 723 vel
1167 705 1242 730 quos
1271 698 1458 731 intulissent,
1485 697 1535 724 vel
1559 697 1599 724 de

27 709 218 771 rmaioris
845 739 1007 765 inferendo
1032 746 1087 771 per
1106 738 1242 771 Priores,
1263 737 1431 765 Commune
1450 740 1480 764 et
1498 739 1597 772 Popu—

32 781 166 821 ppum
184 786 303 812 Becche
321 785 361 810 de
380 785 468 810 sextu
487 782 628 810 Uitr-arni
660 798 667 803 -
846 781 909 807 lum
930 781 1040 807 minati
1061 783 1163 807 essent
1177 780 1334 814 (minaccie
1347 780 1380 806 di
1401 780 1598 807 concussione

27 829 49 839 ”’“
70 827 268 855 'landuccium
288 825 418 853 orlandi
432 825 470 851 de
483 826 570 850 sextu
589 825 702 850 Portae
721 823 781 848 Do·
846 822 879 848 di
900 823 1025 855 terreni,
1047 823 1099 849 che
1119 824 1179 848 essi
1202 830 1335 848 avevano
1361 822 1488 854 inserite
1508 830 1524 848 o
1544 822 1597 848 mi—

82 872 165 896 mus.
844 865 986 890 nacciato
1006 864 1040 890 di
1057 866 1113 897 far
1131 865 1263 897 inferire
1283 864 1453 897 da¹Priori‚
1475 863 1529 890 dal
1545 863 1597 890 Co-

52 905 200 941 {contra
220 917 296 943 quos
314 916 491 943 processum
511 909 558 934 est
577 914 633 940 per
652 906 782 939 inquisi
844 913 930 932 mune
961 914 975 930 e
1004 905 1058 932 daz
1088 905 1234 940 Populo).
1266 906 1365 938 Super
1394 913 1492 938 eoque
1515 905 1598 938 quod

53 985 64 1001 “”
81 996 154 1027 tam,
167 1000 259 1026 super
273 1000 309 1019 eo
330 995 360 1018 et
375 999 413 1018 ex
425 998 462 1017 eo
476 991 558 1023 quod
572 991 612 1017 ad
625 997 717 1016 aures
731 996 783 1015 no·
847 990 914 1015 fleri
936 990 1091 1018 fecissent,
1113 989 1265 1022 fraudem,
1291 989 1471 1022 falsitatem,
1491 990 1594 1016 dolum

54 1026 113 1060 'aa
130 1036 161 1060 et
179 1034 285 1060 curiae
303 1034 431 1060 nostrae
449 1031 604 1063 notitiam,
625 1031 710 1061 fama
730 1038 781 1063 pu·
811 1047 814 1050 -
845 1031 894 1056 vel
916 1031 1079 1063 malitiam,
1091 1031 1295 1071 hanamal-iam
1317 1031 1366 1056 vel
1380 1031 1532 1057 inlicitam
1546 1039 1596 1058 ex·

54 1077 117 1111 ¹itta
141 1075 307 1108 referente,
337 1073 491 1108 pervenit,
524 1073 606 1105 quod
637 1072 781 1105 predicti,
846 1073 1032 1105 torsionem;
1055 1075 1084 1098 et
1103 1074 1290 1098 tractassent
1310 1072 1370 1104 ipsi
1390 1072 1439 1098 vol
1459 1073 1595 1105 ipsorum

54 1114 107 1152 am
125 1117 186 1151 ipsi
205 1116 255 1143 vel
273 1116 388 1149 aliquis
408 1122 515 1142 eorum
535 1115 712 1147 existentes,
733 1114 783 1139 vel
847 1114 970 1146 aliquis,
992 1114 1073 1146 quod
1092 1114 1202 1139 civitas
1216 1113 1343 1138 Pistorii
1357 1113 1547 1139 divideretur
1567 1116 1596 1140 et

42 1164 100 1194 pso
118 1158 214 1185 offitio
229 1157 572 1190 Prioratusrdeposito,
593 1156 783 1188 temporibus
846 1157 1039 1182 scinderetur
1065 1156 1148 1192 infra
1174 1162 1206 1180 se
1236 1158 1266 1180 et
1294 1155 1332 1180 ab
1361 1155 1476 1181 unione
1505 1163 1596 1188 quam

55 1214 57 1222 ι
73 1201 286 1234 „inquisitione
306 1199 471 1232 contentis,
491 1198 710 1231 commiserunt
728 1205 784 1230 per
846 1198 1002 1224 habebant
1021 1198 1163 1223 insimul:
1185 1199 1215 1222 et
1235 1198 1420 1223 tractassent
1439 1197 1521 1229 quod
1534 1197 1597 1223 An-

55 1275 61 1279 *
73 1243 132 1274 τερ]
151 1242 246 1269 alium
266 1241 464 1274 baratterias‚
484 1240 571 1266 lucra
592 1239 713 1272 illicita,
724 1239 781 1264 ini·
845 1241 926 1265 ziani
949 1242 979 1265 et
1010 1239 1174 1266 Vexillifer
1192 1238 1294 1264 dictae
1313 1238 1448 1264 civitatis
1468 1239 1596 1265 Pistorii

53 1283 110 1310 uas‘
129 1283 319 1310 extorsiones
340 1283 374 1308 in
398 1281 532 1314 pecunia
557 1281 606 1307 vel
626 1282 659 1306 in
679 1281 781 1307 rebus.
846 1284 949 1307 essent
970 1289 1006 1307 ex
1026 1289 1088 1307 una
1108 1283 1196 1314 parte
1224 1283 1363 1313 tantum3
1390 1280 1596 1313 fecIssentque

92 1325 173 1357 quod
193 1316 263 1357 ip'si,
283 1324 332 1350 vel
354 1323 466 1356 aliquis
492 1323 639 1355 ipsorum,
660 1329 782 1355 recepe·
846 1323 975 1349 tractari
996 1323 1063 1349 fleri
1087 1330 1140 1349 seu
1160 1322 1298 1348 ordinari
1320 1323 1530 1355 expulsionem
1558 1323 1596 1349 (le

79 1367 105 1399 gt
124 1366 297 1398 pecuniam,
317 1365 367 1390 vel
393 1371 443 1390 res
469 1364 589 1396 aliquas
612 1364 662 1390 vel
689 1365 782 1395 scrip·
847 1365 930 1390 dicta
950 1365 1075 1390 civitate
1095 1370 1201 1390 eorum
1222 1364 1274 1396 qui
1288 1364 1432 1389 dicuntur
1445 1364 1543 1397 Nigri,
1563 1365 1596 1390 fi-

67 1414 98 1432 ιιι
114 1406 188 1432 libri
208 1405 378 1440 (scrittura)
397 1406 447 1431 vel
465 1405 592 1431 tacitam
607 1405 784 1438 promissio·
846 1407 964 1432 delium
977 1406 1156 1431 devotorum
1171 1407 1298 1431 sanctae
1317 1405 1476 1431 Romanae
1492 1405 1608 1431 necle„

0 1445 104 1480 >ἳιίιιιιι
132 1448 170 1475 de
200 1449 305 1480 aliqua
329 1447 461 1482 pecunia
489 1447 538 1472 vel
563 1454 597 1472 re
626 1447 699 1479 alia,
728 1453 783 1480 pro
806 1460 809 1461 ν
846 1448 928 1479 siae3
951 1447 1048 1472 dividi
1068 1453 1189 1479 quoque
1203 1446 1348 1472 fecissent
1363 1447 1475 1472 dictam
1489 1447 1595 1473 civita·-

24 1490 142 1526 ¹aliqua
161 1490 311 1516 electione
329 1490 504 1521 aliquorum
524 1495 674 1514 novorum
694 1489 781 1514 Prio-
845 1490 906 1513 tem
933 1488 971 1513 ab
991 1488 1106 1513 unione
1127 1491 1158 1513 et
1176 1488 1335 1513 voluntate
1361 1487 1498 1514 civitatis
1527 1488 1596 1515 Flo-

29 1538 104 1559 eum
120 1531 296 1559 Vexilliferi
322 1538 375 1557 seu
398 1530 649 1558 Vexilliferorum
668 1530 783 1555 facien·
846 1530 976 1562 rentiae,
1004 1531 1034 1554 et
1060 1529 1250 1555 subiectione
1281 1531 1408 1555 sanctae
1435 1529 1596 1556 Romanae

17 1573 87 1606 da,
107 1573 179 1600 licet
199 1573 254 1598 sub
275 1573 335 1598 alio
349 1573 475 1598 nomine
494 1573 542 1598 vel
562 1572 722 1598 vocabulo.
743 1571 783 1597 Et
844 1571 1004 1597 Ecclesiae
1023 1571 1072 1596 vel
1092 1571 1208 1597 domini
1229 1571 1338 1597 Karoli
1357 1571 1390 1596 in
1411 1571 1524 1597 'ruscia
1544 1579 1596 1605 pa-

7 1608 118 1655 geminii
144 1617 204 1650 ipsi
232 1617 281 1643 vel
311 1617 423 1649 aliquis
455 1622 561 1642 eorum
594 1615 782 1648 recepissent
846 1614 934 1640 ciarii
956 1614 999 1647 (υ.
1021 1622 1058 1640 su
1077 1613 1123 1640 οἱὸ
1149 1615 1231 1640 nella
1256 1614 1350 1642 Parte
1369 1613 1412 1645 ΙΙ,
1434 1620 1485 1639 ove
1511 1614 1594 1640 della

7 1647 153 1691 ἶζῇιίςιιίᾱ
178 1658 325 1691 indebite,
355 1657 471 1683 illicite
492 1657 541 1682 vel
570 1656 696 1689 iniuste,
726 1663 782 1689 pro
845 1656 995 1682 divisione
1015 1656 1049 1681 di
1068 1655 1210 1690 Pistoia).

51 1732 59 1737 ἱ
84 1699 188 1726 uibus
206 1699 384 1725 offitialibus
404 1699 554 1731 eligendis
567 1698 615 1724 vel
630 1698 782 1731 ponendis
845 1696 905 1727 Qui
926 1698 1077 1723 Dominus
1097 1697 1271 1723 Palmerius

16 1736 69 1774 in*
85 1741 210 1767 civitate
229 1740 281 1767 vel
306 1740 452 1766 comitatu
471 1739 650 1765 Florentiae
671 1739 719 1764 vel
740 1739 782 1764 di·
845 1734 961 1765 D'An'rn

6 1780 142 1814 ‘hu-ictu
161 1783 211 1808 vel
230 1781 316 1813 alibi,
337 1789 392 1815 pro
413 1781 567 1814 aliquibus
582 1781 782 1807 stantiamen-
845 1780 1068 1806 Orlanduccius
1089 1782 1118 1805 et

7 1820 83 1858 Istis,
112 1823 385 1851 reformationibus
413 1824 462 1849 vel
482 1823 705 1848 ordinamentis
739 1822 782 1847 fs.-
844 1822 960 1855 Lippus

17 1870 44 1892 k»
61 1893 66 1896 ,
89 1877 93 1888 ⁴
109 1876 113 1888 ι
135 1873 149 1891 s
168 1866 300 1892 vel-non
314 1865 476 1898 faciendis,
490 1864 539 1891 vel
553 1871 609 1897 pro
624 1864 781 1896 aliquibus
845 1864 932 1890 citati
962 1866 992 1889 et
1023 1864 1165 1895 requisiti
1191 1864 1315 1889 fuerunt
1341 1863 1510 1896 legiptime,
1539 1871 1595 1896 per

12 1907 15 1913 ²
32 1901 172 1943 ‘'podixis
193 1906 334 1942 (pozizze)
354 1907 456 1932 missis
471 1907 511 1932 ad
525 1906 659 1938 aliquem
674 1906 782 1931 Recto-
845 1906 1019 1938 numptium
1049 1905 1226 1931 Communis
1246 1905 1435 1938 Florentiae,
1457 1907 1490 1930 ut
1509 1907 1594 1931 certo

26 1975 31 1979 ,
57 1961 61 1969 -
77 1959 91 1971 ve
110 1948 160 1974 vel
173 1947 331 1974 offitialem
350 1947 527 1974 Communis
540 1947 718 1973 Florentiae
732 1947 782 1972 vel
846 1947 988 1978 termino,
1009 1947 1070 1972 iam
1085 1947 1201 1979 elapso,
1216 1953 1320 1972 coram
1332 1946 1420 1971 vobis
1441 1948 1470 1971 et
1489 1948 1596 1972 nostra

13 1984 185 2016 '‘T-ncessis
205 1990 308 2015 alicui.
329 1990 369 2014 Et
388 1989 470 2022 quod
489 1990 628 2022 predicta
648 1990 776 2014 tractas·
846 1989 933 2014 curia
954 1995 1132 2021 comparere
1147 1989 1295 2014 deberent
1308 1995 1344 2013 ac
1355 1988 1474 2021 venire,
1489 1988 1549 2020 ipsi
1565 1990 1595 2014 et

15 2025 101 2058 {ent
118 2031 188 2064 ipsi,
209 2031 259 2057 vel
277 2031 414 2063 ipsorum
434 2031 557 2063 aliquis,
571 2031 623 2056 vel
638 2031 783 2056 fecissent
847 2030 979 2061 quilibet
998 2029 1145 2062 ipsorum,
1176 2029 1215 2054 ad
1241 2029 1412 2062 parendum
1438 2030 1593 2056 mandatis

13 2071 87 2107 {eeu
106 2073 172 2099 fleri
199 2073 355 2099 fecissent.
382 2073 422 2098 Et
448 2073 529 2105 quod
549 2075 714 2105 propterea
733 2072 782 2097 de·
845 2072 960 2097 nostris
990 2074 1020 2096 et
1040 2071 1080 2096 ad
1099 2078 1132 2096 se
1153 2070 1378 2096 defendendum
1398 2073 1428 2096 et
1448 2078 1595 2098 excusan-

19 2114 150 2147 ·dissent
170 2114 384 2147 promisissent
397 2115 446 2140 vel
461 2114 634 2146 solvissent,
649 2121 703 2140 seu
714 2114 782 2139 dari
846 2113 917 2138 dum
938 2113 976 2138 ab
1003 2113 1207 2144 inquisitione
1234 2112 1380 2138 remissa:
1408 2114 1439 2138 et
1462 2119 1524 2139 non
1543 2121 1592 2139 ve-

12 2196 79 2225 *vul
104 2197 253 2230 scriptam
274 2197 348 2222 libri
372 2197 504 2223 alicuius
530 2198 712 2224 mercatoris
738 2197 780 2223 fe·
841 2196 1002 2230 piuttosto)
1015 2203 1047 2222 se
1058 2197 1089 2221 in
1100 2197 1235 2228 bampno
1249 2196 1321 2229 poni
1336 2195 1513 2222 Communis
1527 2197 1594 2222 Flo-

27 2234 50 2268 ζ’
60 2242 154 2272 ssent,
175 2238 269 2265 offitio
289 2239 420 2264 durante
441 2239 491 2264 vel
511 2246 546 2265 eo
569 2236 718 2272 dep‘osito.
742 2240 782 2264 Et
845 2240 965 2265 rentiae
976 2239 1014 2265 de
1027 2239 1114 2264 libris
1127 2238 1261 2270 quinque
1273 2238 1396 2264 milibus
1409 2239 1594 2264 florenorum

15 2279 28 2298 Ἀ
55 2287 123 2315 per
142 2286 178 2306 eo
198 2281 279 2312 quod
299 2281 488 2312 recepissent
507 2288 525 2306 a
546 2279 676 2306 Camera
695 2280 781 2307 Com-
844 2288 1011 2314 parvorum
1030 2288 1086 2313 pro
1101 2280 1249 2312 quolibet,
1266 2286 1320 2312 per
1334 2280 1485 2305 Duccium
1499 2280 1594 2305 Fran-

53 2323 132 2354 4ιιίε
158 2322 347 2355 Florentiae,
367 2322 416 2347 vel
443 2322 480 2347 de
505 2322 594 2347 domo
615 2325 645 2348 et
666 2322 780 2355 palatio
844 2323 918 2347 cisci
929 2322 1085 2355 publicum
1097 2321 1322 2353 bampnitorem
1331 2320 1507 2347 Communis
1516 2321 1595 2346 eius-

56 2363 173 2391 riorum
207 2367 240 2395 et
269 2363 461 2396 Vexilliferi,
493 2362 576 2389 ultra
607 2364 656 2389 vel
689 2364 780 2389 aliter
844 2364 928 2396 dem3
950 2363 983 2388 in
1002 2363 1084 2395 quod
1104 2363 1301 2392 incurrerunt
1322 2368 1354 2386 se
1374 2362 1596 2387 contumaciter

60 2416 62 2424 ·
92 2412 123 2431 m
151 2404 328 2432 eommunis
357 2405 535 2431 Florentiae
561 2405 781 2430 stantiamenta
844 2405 1035 2430 absentando
1055 2406 1145 2436 prout
1166 2404 1204 2428 de
1229 2403 1376 2436 predictis
1398 2403 1539 2428 omnibus
1560 2403 1594 2428 in

72 2458 85 2468 w
104 2449 157 2472 nt.
178 2447 217 2472 Et
238 2447 319 2479 quod
332 2447 551 2478 commiserint,
567 2447 616 2471 vel
631 2446 781 2472 committi
843 2445 921 2470 actis
941 2447 1066 2471 nostrae
1085 2444 1198 2471 Curiae
1218 2445 1339 2477 plenius
1359 2445 1545 2470 continetur.

52 2499 56 2508 =
71 2488 173 2521 rint,
202 2489 343 2517 fraudem
371 2489 420 2514 vel
447 2488 650 2513 barattariam
676 2488 708 2512 in
730 2494 781 2519 pe·
898 2487 1016 2512 Idcirco
1031 2487 1113 2519 ipsos
1128 2486 1285 2511 dominum
1296 2485 1494 2518 Palmerium,
1509 2486 1595 2512 DAR-

57 2541 59 2544 ·
78 2529 122 2556 it.
141 2529 190 2555 vel
211 2530 301 2555 rebus
323 2529 499 2556 Communis
524 2529 710 2560 Florentiae,
731 2528 780 2554 vel
844 2535 923 2561 rma,
944 2527 1182 2554 Orlanduccium
1197 2530 1227 2553 et
1243 2527 1386 2560 Lippum,
1408 2529 1439 2553 et
1458 2527 1596 2560 ipsorum

19 2567 114 2605 2⁴1⁰ss
131 2570 242 2596 darent
261 2571 328 2597 sive
348 2571 558 2604 expenderent
578 2572 686 2596 contra
701 2577 779 2595 sum·
844 2570 1020 2601 quemlibet,
1032 2572 1064 2594 ut
1079 2571 1165 2594 satae
1186 2569 1293 2595 messis
1314 2569 1400 2595 iuxta
1413 2569 1596 2601 qualitatem

29 2606 116 2638 imm
115 2612 314 2641 Pontificem
337 2615 368 2638 et
386 2613 542 2638 dominum
564 2611 712 2637 Karolum
726 2618 781 2643 pro
844 2611 969 2637 seminis
998 2611 1131 2636 fructum
1156 2611 1341 2644 percipiant,
1368 2613 1400 2636 et
1425 2610 1514 2637 iuxta
1533 2619 1596 2637 me—

52 2650 66 2658 ³
82 2653 209 2680 utentia
228 2654 276 2679 sui
297 2654 458 2686 adventus,
479 2654 527 2679 vel
541 2655 650 2679 contra
669 2654 781 2678 statum
844 2653 905 2678 rita
925 2652 1085 2677 commissa
1106 2659 1161 2685 per
1181 2653 1263 2685 ipsos
1291 2652 1391 2684 dignis
1415 2653 1595 2679 meritorum

28 2691 35 2699 ‘
69 2710 72 2714 ι
102 2694 192 2739 licum
202 2695 338 2721 civitatis
350 2696 528 2722 Florentiae
540 2698 570 2720 et
580 2695 683 2720 Partis
692 2694 782 2720 Guel-
845 2693 1102 2719 retributionibus
1131 2695 1343 2726 munerentur,
1369 2695 1496 2726 propter
1515 2693 1596 2727 ipso-

149 2732 322 2769 Quodque
347 2737 407 2770 ipsi
436 2737 485 2763 vel
512 2737 648 2769 ipsorum
669 2736 781 2768 aliquis
845 2742 912 2760 rum
944 2735 1168 2760 contumaciam
1197 2734 1320 2761 habitos
1348 2742 1404 2767 pro
1431 2735 1593 2768 confessis,

43 2773 87 2799 4ἰ
104 2777 212 2805 issent
233 2779 281 2804 vel
301 2779 490 2812 recepissent
510 2778 629 2810 aliquid
648 2778 680 2802 in
694 2784 782 2810 pecu-
845 2776 1010 2803 secundum
1031 2776 1160 2802 formam
1186 2775 1274 2809 iuris,
1298 2775 1488 2802 Statutorum
1507 2775 1595 2804 Gom-

67 2815 75 2818 '⁴
100 2819 153 2846 >vel
173 2819 276 2853 rebus,
296 2820 335 2846 ab
361 2820 466 2853 aliqua
492 2819 618 2853 speciali
649 2825 780 2851 persona
845 2817 946 2844 munis
967 2819 996 2843 et
1021 2818 1131 2851 Populi
1151 2817 1288 2844 civitatis
1302 2817 1491 2850 Florentiae,
1506 2818 1598 2844 Ordi-

68 662 184 695 'Burgi
845 657 930 682 tione
950 657 1124 690 aliquarum
1144 658 1298 683 minarum
1313 656 1522 683 concussionis
1536 659 1595 683 ter·
1648 674 1649 677 ¹
1681 649 1686 653 ’
1731 655 1738 659 “

51 944 144 979 ‘nem
165 959 203 978 ex
222 950 316 978 offitio
342 952 447 977 nostro
470 951 502 975 et
527 949 632 975 curiae
658 950 794 974 nostrae.
846 948 1082 980 commisissent,
1116 947 1164 973 vel
1196 948 1345 973 committi
1374 947 1520 974 fecissent
1547 949 1596 975 vel
1645 955 1648 957 ’
1701 942 1704 948 ’

11 2155 80 2183 -vel
100 2156 177 2181 solvi
197 2155 352 2188 fecissent,
373 2155 406 2181 in
427 2156 558 2188 pecnnia
577 2156 626 2182 vel
641 2156 674 2182 in
688 2156 780 2181 rebus
846 2157 969 2187 nerunt,
990 2155 1043 2180 sed
1057 2155 1159 2187 potius
1172 2154 1297 2179 fuerunt
1310 2154 1394 2186 passi
1415 2153 1594 2187 (soffrirono
1645 2161 1649 2163 “
