1760 2892
121 186 331 237 peratoris
341 171 562 233 successoi,
580 186 658 224 toti
675 176 900 235 Hesperiae
917 159 1057 237 totiqu

121 251 358 296 stratusque
387 247 526 295 digito,
557 246 800 284 essecrabile
827 249 1063 295 monstrum,
1081 243 1163 296 p'e'r
1178 231 1334 287 silvas

122 319 228 345 mem
253 311 294 344 et
318 307 534 374 lugubrem
559 307 686 344 vitam
712 318 826 354 agas.
1425 339 1436 350 .

195 367 351 413 Nescio,
380 366 415 404 si
442 367 606 414 sentias,
633 366 704 403 ubi
730 367 809 414 sis,
835 366 927 404 volo
953 370 994 403 te
1019 366 1095 404 tibi
1120 356 1344 415 ostendere,
1369 350 1476 406 ut'to

124 427 211 464 cius
236 427 412 463 fortasse
431 426 607 474 cognito,
626 437 730 474 quae
753 425 990 464 immineant
1015 423 1205 475 pericula,
1225 424 1380 477 quaeve
1405 426 1491 466 sint

123 482 312 534 remedia,
342 487 472 524 satius
497 486 726 534 intelligas:
754 487 931 523 nondum
951 486 1068 534 enim,
1086 491 1134 525 ut
1158 487 1290 535 audie,
1318 486 1516 533 vicesima
1569 518 1582 537 ⁴,

123 551 212 584 tum
247 546 425 594 attigisti
461 558 622 592 annum,
659 551 700 583 et
726 558 894 582 avorum
930 551 1093 583 tuorum
1125 546 1258 583 titulis
1293 554 1420 595 aeque
1453 548 1507 590 ac

125 607 300 654 adiutus,
328 611 577 655 paternaque
603 605 806 643 industria
830 610 1049 654 promotus,
1077 605 1128 643 ad
1167 605 1340 644 Romani
1374 603 1491 655 regni
1522 605 1567 659 fa

124 667 297 703 imbellis
333 666 567 704 adolescens
605 679 684 703 non
723 667 809 703 sine
836 666 944 703 orbis
971 666 1237 708 admiratione
1252 666 1278 703 ο)
1305 666 1465 704 volasti.

125 726 263 774 igitur,
291 731 538 773 quantumve
564 725 640 763 tibi
668 726 954 763 elaborandum
981 723 1079 763 esse>
1099 726 1240 773 credis,
1267 731 1315 763 ut
1344 727 1512 774 strenua
1534 727 1580 766 vl

125 791 197 823 tua
223 799 297 824 nec
323 790 474 824 temere
501 800 573 824 nec
599 787 882 836 intempestive
907 786 1112 824 iuventuti
1137 790 1233 824 tuae
1250 786 1381 824 fuisse
1399 786 1599 825 creditum
1626 831 1675 840 ‚

125 859 268 884 manae
294 846 539 895 reipublicae
564 847 852 896 magistratum
879 860 1013 884 coram
1037 847 1201 895 probes,
1227 859 1306 887 non
1333 846 1449 884 decet
1474 842 1611 901 herc

127 907 234 956 apud
259 908 427 944 Latinos
453 908 562 945 fama
587 908 793 956 vulgatur,
822 908 1034 944 silvestres
1070 907 1266 944 adversus
1299 908 1411 944 feras
1445 909 1486 945 et
1518 918 1574 955 av
1620 903 1634 912 '⁷
1668 911 1675 920 ¹

126 971 266 1005 noctes
286 971 327 1005 et
344 969 431 1005 dies
450 968 660 1016 pueriliter
685 973 840 1006 terere:
869 968 1108 1015 hominibus,
1129 980 1206 1004 non
1223 966 1367 1004 bestiis
1385 960 1568 1015 praefecti¹

126 1028 299 1076 Respice
325 1029 549 1076 priscorum
575 1041 718 1075 mores,
746 1042 769 1065 a
797 1029 943 1076 quibus
971 1033 1167 1076 quantum
1192 1027 1328 1065 adhuc
1351 1026 1503 1075 distes,
1514 1030 1597 1066 tem

127 1088 271 1135 iudica,
297 1101 389 1125 nec
399 1089 473 1125 tibi
500 1089 667 1137 dignum
695 1088 895 1136 existima,
923 1101 1024 1137 quos
1052 1088 1253 1136 dignitate
1280 1099 1443 1136 aequas,
1463 1087 1514 1125 ab
1530 1080 1597 1125 lfis
1608 1095 1697 1150 βψ

126 1152 216 1186 tute
243 1149 438 1196 superari.
467 1149 708 1196 Gloriosum,
735 1153 876 1196 testor,
904 1154 968 1186 est
1001 1149 1214 1197 imperium
1248 1148 1439 1197 accipere,
1474 1147 1603 1186 multo
1627 1137 1698 1189 ὢν

127 1212 211 1246 tem
247 1209 466 1257 gloriosius
506 1222 703 1247 exercere.
730 1210 836 1253 Quid
871 1210 1037 1258 prodest
1062 1222 1213 1258 regem
1227 1221 1317 1248 esse
1344 1213 1386 1246 et
1417 1221 1498 1246 non
1521 1220 1625 1259 reg

129 1269 225 1317 quid
251 1269 538 1318 imperatorem
564 1283 654 1308 esse
682 1267 724 1307 et
748 1283 829 1307 non
859 1270 1086 1319 imperare?
1119 1269 1384 1307 Laudabilius
1416 1268 1566 1319 quippe

128 1333 224 1376 tror,
250 1342 330 1366 non
357 1342 447 1367 esse
474 1343 624 1378 regem,
652 1343 773 1378 quam
798 1343 923 1378 regno
950 1342 1113 1378 operam
1137 1342 1299 1378 negare.
1325 1328 1469 1367 Nescis
1514 1325 1586 1367 uid
1612 1326 1627 1380 [

129 1389 401 1437 Sardanapalo
429 1391 570 1427 scribit
596 1390 849 1439 antiquitas?
874 1391 1004 1434 Quam
1029 1390 1150 1438 longe
1175 1389 1342 1435 beatior,
1378 1389 1414 1427 si
1440 1341 1574 1426 (ει-ἓως
1596 1401 1624 1430 n

130 1461 250 1496 quam
278 1462 373 1486 suos
400 1450 586 1486 diadema
611 1450 828 1487 cinxisset!
864 1451 917 1486 Et
941 1455 988 1487 ut
1014 1450 1063 1486 de
1089 1449 1260 1486 caeteris
1286 1447 1505 1496 taceamus,
1525 1442 1624 1502 quid

129 1509 296 1546 Alberto
322 1510 571 1557 Theutonioo
597 1511 752 1547 Dantes
779 1510 947 1547 clamat!
977 1509 1083 1546 Satis
1110 1509 1228 1546 decet
1253 1508 1420 1556 dixisse,
1448 1520 1561 1556 τεοῖς
1588 1521 1619 1548 ιι

131 1570 182 1605 ad
207 1570 481 1607 incumbentia
506 1571 784 1619 procedamus.
820 1572 980 1607 Annum
1017 1570 1126 1607 ultra
1157 1569 1243 1618 jam
1281 1573 1492 1617 quartum,
1521 1572 1624 1607 utffs

131 1642 237 1668 nova
263 1631 390 1678 pestis
418 1631 674 1667 abominandi
702 1631 904 1668 scismatis
931 1630 973 1666 in
999 1630 1170 1667 ecclesia
1197 1629 1274 1676 dei,
1298 1630 1415 1678 cujus
1441 1628 1633 1667 defensor

131 1695 333 1737 protector
359 1703 414 1738 ea,
435 1692 589 1729 Gallica
608 1687 904 1728 machinatione
923 1690 1120 1727 violenter
1139 1690 1313 1736 emicuit,
1332 1687 1619 1726 contaminatis

133 1750 417 1798 cardinalibus,
437 1751 478 1787 in
496 1751 690 1788 offensam
716 1752 838 1797 Petri,
857 1746 1102 1798 Urbanique,
1123 1749 1327 1787 verissimi
1352 1747 1607 1786 successoris

131 1823 206 1848 nec
241 1811 375 1849 minus
410 1811 451 1848 in
478 1816 573 1848 tuae
610 1811 840 1858 Majestatis
877 1810 1153 1858 obprobrium,
1183 1810 1279 1857 proh
1316 1808 1468 1856 pudor!
1498 1807 1620 1845 nefan

133 1871 282 1919 prodiit
309 1872 509 1920 antipapa,
530 1871 599 1919 qui
617 1884 691 1908 nec
717 1872 848 1908 Deum
866 1870 983 1907 timet
1008 1882 1082 1906 nec
1101 1870 1315 1906 Caesarem
1333 1865 1566 1915 reveretur}
1582 1863 1636 1905 ad

135 1931 239 1978 quod
265 1943 338 1968 nec
364 1932 604 1980 antipapatu
629 1937 854 1979 contentus,
882 1931 930 1968 de
959 1930 1128 1967 Romani
1157 1929 1418 1967 subversione
1443 1926 1601 1977 imperii

135 1991 343 2037 conclusit,
363 1992 614 2030 Ludovicum
631 1992 969 2040 Andegavensem
989 1991 1141 2035 ducem,
1157 1988 1385 2037 iniquitatis
1405 1988 1531 2025 filium
1554 1986 1620 2025 sui
1640 2040 1643 2043 ἱ

135 2051 482 2099 antipontificatus
509 2052 705 2100 pugilem,
734 2053 932 2088 adversus
969 2051 1174 2088 Urbanum
1212 2053 1392 2086 nostrum
1418 2048 1744 2101 fautoretnqszv

136 2123 254 2148 suum
291 2113 496 2159 Karolum,
537 2112 695 2149 Siciliae
722 2125 872 2160 regem,
900 2124 990 2148 cum
1026 2110 1275 2148 validissimo
1309 2109 1556 2146 Francorum
1590 2118 1695 2150 exe
1714 2102 1726 2108 ’

135 2172 229 2219 citu,
256 2185 334 2209 non
361 2173 448 2210 sine
474 2173 632 2221 imperii
659 2173 873 2221 sponsione
900 2170 1146 2217 transmisit;
1174 2170 1253 2218 qui,
1279 2173 1326 2206 ut
1351 2180 1486 2205 rumor
1503 2171 1577 2215 est,
1603 2178 1686 2207 an
1714 2222 1719 2224 ἡ

134 2233 345 2280 Neapolim
372 2238 506 2270 castra
535 2233 723 2277 fi1mavit,
759 2232 1014 2280 redactisque
1049 2244 1070 2268 e
1104 2229 1292 2277 vestigio,
1328 2233 1374 2264 ut
1408 2228 1615 2276 opinatur,

136 2293 403 2330 dedictionem
428 2293 656 2341 regnicolis,
683 2293 885 2329 infelicem
911 2292 1214 2338 desolatamque
1250 2289 1391 2325 urbem
1427 2292 1540 2324 tuam
1573 2291 1675 2341 con
1683 2293 1716 2311 “

137 2353 232 2390 stim
258 2353 486 2400 invasurus,
515 2354 584 2390 ubi
610 2353 832 2401 intercepto
860 2355 1116 2398 crematoque
1150 2350 1314 2387 Urbano
1353 2352 1394 2385 et
1425 2347 1584 2384 intruso

136 2418 280 2459 mente,
309 2419 348 2450 te
376 2419 566 2462 tuamque
594 2413 851 2450 Germaniam
877 2410 1126 2448 celeberrimi
1152 2409 1311 2456 fulgore
1347 2406 1505 2456 imperii
1538 2410 1639 2478 aete

104 2470 113 2482 ⁶
137 2485 308 2510 censura
334 2474 522 2522 privabit.
1603 2497 1610 2501 >

210 2534 322 2571 Haec
349 2538 456 2581 sunt,
482 2547 595 2582 quae,
624 2532 881 2570 serenissime
907 2531 1104 2580 princeps,
1131 2529 1173 2566 in
1199 2527 1454 2577 gemebunda
1479 2525 1606 2563 Italia
1632 2565 1635 2571 Α
1659 2547 1677 2553 ·-
1701 2542 1705 2548 ·
1726 2544 1735 2554 1

137 2600 286 2642 urgent
311 2607 440 2631 nova:
469 2601 509 2631 et
536 2599 582 2631 tu
607 2606 679 2642 per
702 2594 816 2630 lucos
843 2596 884 2629 et
910 2592 1089 2628 thermas
1115 2588 1248 2626 inania
1277 2587 1442 2624 consilia
1468 2585 1614 2634 agitas,
1638 2619 1653 2642 χ

139 2654 187 2691 de
214 2655 406 2702 Ecclesia,
433 2656 490 2692 nil
517 2655 565 2691 de
591 2654 776 2702 Imperio,
803 2651 859 2689 nil
886 2652 934 2688 de
960 2650 1093 2697 Italia,
1121 2649 1175 2685 nil
1202 2648 1251 2684 de
1279 2651 1320 2684 te
1337 2647 1425 2695 ipso
1451 2655 1617 2694 prorsus
1636 2644 1715 2704 “ss

1661 2708 1674 2722 υ

1712 2389 1734 2407 ε’-ἶ

213 2787 239 2822 c)
263 2788 307 2814 St.
333 2788 602 2814 administratione
